timestamp_s;timestamp_origin;sd_block_id;cyc_condition;cyc_charged;age_type;age_temp;age_soc;age_chg_rate;age_dischg_rate;age_profile;v_max_target_V;v_min_target_V;i_chg_max_A;i_dischg_min_A;i_chg_cutoff_A;i_dischg_cutoff_A;cap_aged_est_Ah;soh_cap;delta_q_Ah;delta_q_chg_Ah;delta_q_dischg_Ah;delta_e_Wh;delta_e_chg_Wh;delta_e_dischg_Wh;coulomb_efficiency;energy_efficiency;ocv_est_start_V;ocv_est_end_V;soc_est_start;soc_est_end;t_start_degC;t_end_degC;cyc_duration_s;num_cycles_op;num_cycles_checkup;total_q_chg_CU_RT_Ah;total_q_dischg_CU_RT_Ah;total_q_chg_cyc_OT_Ah;total_q_dischg_cyc_OT_Ah;total_q_chg_other_RT_Ah;total_q_dischg_other_RT_Ah;total_q_chg_other_OT_Ah;total_q_dischg_other_OT_Ah;total_q_chg_sum_Ah;total_q_dischg_sum_Ah;total_e_chg_CU_RT_Wh;total_e_dischg_CU_RT_Wh;total_e_chg_cyc_OT_Wh;total_e_dischg_cyc_OT_Wh;total_e_chg_other_RT_Wh;total_e_dischg_other_RT_Wh;total_e_chg_other_OT_Wh;total_e_dischg_other_OT_Wh;total_e_chg_sum_Wh;total_e_dischg_sum_Wh;uptime_ticks
1665603148.000;1;69921792;0;0;1;0;10;0.00;0.00;0;4.2000;2.6000;1.0000;-1.0000;0.1500;-0.1500;nan;nan;-0.798881;0.000000;-0.798881;-2.566124;0.000000;-2.566124;nan;nan;3.5582;2.6001;27.0007;0.3268;24.82;26.42;3071.41;0;0;0.00;0.00;0.00;0.00;0.00;0.80;0.00;0.00;0.00;0.80;0.00;0.00;0.00;0.00;0.00;2.57;0.00;0.00;0.00;2.57;911550
1665603642.000;1;70050816;0;0;1;0;10;0.00;0.00;0;4.2000;2.5000;1.0000;-1.0000;0.1500;-0.1500;nan;nan;-0.018084;0.000000;-0.018084;-0.045541;0.000000;-0.045541;nan;nan;2.7100;2.5072;0.6717;0.0679;25.91;25.82;194.40;0;0;0.00;0.00;0.00;0.00;0.00;0.82;0.00;0.00;0.00;0.82;0.00;0.00;0.00;0.00;0.00;2.61;0.00;0.00;0.00;2.61;958698
1665615385.000;1;73063936;2;1;1;0;10;0.00;0.00;0;4.2000;2.5000;1.0000;-1.0000;0.1500;-0.1500;2.973577;98.238498;2.947444;2.947444;0.000000;11.168798;11.168798;0.000000;nan;nan;2.6141;4.1858;0.3651;99.4862;25.51;24.30;11143.29;0;0;2.95;-0.00;0.00;0.00;0.00;0.82;0.00;0.00;2.95;0.82;11.17;0.00;0.00;0.00;0.00;2.61;0.00;0.00;11.17;2.61;2078634
1665626446.000;1;75906048;2;0;1;0;10;0.00;0.00;0;4.2000;2.5000;1.0000;-1.0000;0.1500;-0.1500;2.967744;97.849625;-2.941202;0.000000;-2.941202;-10.697538;0.000000;-10.697538;99.788225;95.780563;4.1858;2.6189;99.4862;0.3806;24.30;25.65;10760.10;0;0;2.95;2.94;0.00;0.00;0.00;0.82;0.00;0.00;2.95;3.76;11.17;10.70;0.00;0.00;0.00;2.61;0.00;0.00;11.17;13.31;3133403
1665645948.000;1;80903680;0;1;1;0;10;0.00;0.00;0;3.4109;2.5000;1.0000;-1.0000;0.1500;-0.1500;nan;nan;0.298151;0.298151;0.000000;0.979606;0.979606;0.000000;nan;nan;2.6189;3.4108;0.3806;11.7878;25.65;24.74;19504.20;0;0;2.95;2.94;0.00;0.00;0.30;0.82;0.00;0.00;3.25;3.76;11.17;10.70;0.00;0.00;0.98;2.61;0.00;0.00;12.15;13.31;4993474
1665662748.000;1;85216256;0;1;1;0;10;0.00;0.00;0;3.6091;2.5000;1.0000;-1.0000;0.1500;-0.1500;nan;nan;0.611407;0.611407;0.000000;2.162673;2.162673;0.000000;nan;nan;3.3421;3.6090;10.4835;31.0448;25.06;25.07;2857.40;0;0;2.95;2.94;0.00;0.00;0.95;0.88;0.00;0.00;3.90;3.82;11.17;10.70;0.00;0.00;3.28;2.83;0.00;0.00;14.45;13.53;813224
1665672927.000;1;87841280;0;1;1;0;10;0.00;0.00;0;3.7453;2.5000;1.0000;-1.0000;0.1500;-0.1500;nan;nan;0.609442;0.609442;0.000000;2.254632;2.254632;0.000000;nan;nan;3.5958;3.7452;30.9734;51.4686;25.10;25.01;2855.29;0;0;2.95;2.94;0.00;0.00;1.60;0.92;0.00;0.00;4.55;3.86;11.17;10.70;0.00;0.00;5.68;2.97;0.00;0.00;16.85;13.66;1783899
1665683140.000;1;90475008;0;1;1;0;10;0.00;0.00;0;3.9393;2.5000;1.0000;-1.0000;0.1500;-0.1500;nan;nan;0.568416;0.568416;0.000000;2.206449;2.206449;0.000000;nan;nan;3.7311;3.9320;49.4765;68.5920;25.09;25.11;2688.40;0;0;2.95;2.94;0.00;0.00;2.21;0.96;0.00;0.00;5.16;3.90;11.17;10.70;0.00;0.00;8.04;3.11;0.00;0.00;19.21;13.81;2757979
1665693415.000;1;93124608;0;1;1;0;10;0.00;0.00;0;4.0923;2.5000;1.0000;-1.0000;0.1500;-0.1500;nan;nan;0.500700;0.500700;0.000000;2.027661;2.027661;0.000000;nan;nan;3.9298;4.0851;69.5535;86.3918;24.99;24.93;2889.20;0;0;2.95;2.94;0.00;0.00;2.75;1.00;0.00;0.00;5.70;3.94;11.17;10.70;0.00;0.00;10.24;3.26;0.00;0.00;21.41;13.96;3737960
1665725638.000;1;101401600;0;1;1;0;10;0.00;0.00;0;4.0923;2.5000;1.0000;-1.0000;0.1500;-0.1500;nan;nan;0.009560;0.009560;0.000000;0.039123;0.039123;0.000000;nan;nan;4.0777;4.0853;86.2861;86.6076;1.95;1.98;194.80;0;0;2.95;2.94;0.00;0.00;2.80;1.04;0.01;0.00;5.75;3.98;11.17;10.70;0.00;0.00;10.42;3.43;0.04;0.00;21.62;14.13;6811099
1665740182.000;1;105147904;0;0;1;0;10;0.00;0.00;0;4.2000;3.9279;1.0000;-1.0000;0.1500;-0.1500;nan;nan;-0.410934;0.000000;-0.410934;-1.622698;0.000000;-1.622698;nan;nan;4.0793;3.9433;86.8461;72.9994;2.08;1.97;2654.61;0;0;2.95;2.94;0.00;0.00;2.80;1.04;0.05;0.45;5.79;4.43;11.17;10.70;0.00;0.00;10.42;3.43;0.20;1.78;21.79;15.90;8198150
1665751139.000;1;107972096;0;0;1;0;10;0.00;0.00;0;4.2000;3.7271;1.0000;-1.0000;0.1500;-0.1500;nan;nan;-0.572763;0.000000;-0.572763;-2.158685;0.000000;-2.158685;nan;nan;3.9492;3.7411;71.8063;52.5067;2.05;1.97;3054.49;0;0;2.95;2.94;0.00;0.00;2.80;1.04;0.09;1.06;5.83;5.05;11.17;10.70;0.00;0.00;10.42;3.43;0.37;4.09;21.95;18.22;9243089
1665762650.000;1;110939648;0;0;1;0;10;0.00;0.00;0;4.2000;3.5676;1.0000;-1.0000;0.1500;-0.1500;nan;nan;-0.621724;0.000000;-0.621725;-2.232106;0.000000;-2.232106;nan;nan;3.7480;3.5706;51.2062;30.2568;2.05;2.13;4130.30;0;0;2.95;2.94;0.00;0.00;2.80;1.04;0.13;1.72;5.88;5.71;11.17;10.70;0.00;0.00;10.42;3.43;0.52;6.47;22.11;20.59;10340915
1665774055.000;1;113884672;0;0;1;0;10;0.00;0.00;0;4.2000;3.2491;1.0000;-1.0000;0.1500;-0.1500;nan;nan;-0.608222;0.000000;-0.608222;-2.053488;0.000000;-2.053488;nan;nan;3.5971;3.2622;31.1488;10.6543;2.15;2.39;2755.10;0;0;2.95;2.94;0.00;0.00;2.80;1.04;0.18;2.38;5.92;6.36;11.17;10.70;0.00;0.00;10.42;3.43;0.69;8.67;22.28;22.80;11428549
1665785435.000;1;116822016;0;0;1;0;10;0.00;0.00;0;4.2000;3.2950;1.0000;-1.0000;0.1500;-0.1500;nan;nan;-0.005135;0.000000;-0.005135;-0.016918;0.000000;-0.016918;nan;nan;3.3222;3.2951;9.8031;9.6301;3.07;3.07;92.40;0;0;2.95;2.94;0.00;0.00;2.80;1.04;0.23;2.44;5.98;6.42;11.17;10.70;0.00;0.00;10.42;3.43;0.88;8.86;22.46;22.99;12513914
1666209758.000;1;224013824;0;0;1;0;10;0.00;0.00;0;4.2000;2.5000;1.0000;-1.0000;0.1500;-0.1500;nan;nan;-0.015526;0.000000;-0.015526;-0.039069;0.000000;-0.039069;nan;nan;2.6920;2.5087;0.6140;0.0909;25.57;25.62;165.51;0;1;2.95;2.94;0.02;0.02;2.80;1.24;0.23;2.44;6.00;6.64;11.17;10.70;0.08;0.07;10.42;3.99;0.88;8.86;22.54;23.62;113371
1666221514.000;1;227030528;2;1;1;0;10;0.00;0.00;0;4.2000;2.5000;1.0000;-1.0000;0.1500;-0.1500;2.981291;98.752719;2.957141;2.957141;0.000000;11.192755;11.192755;0.000000;nan;nan;2.5959;4.1863;0.3069;99.4968;25.45;25.44;11155.89;0;1;5.90;2.94;0.02;0.02;2.80;1.25;0.23;2.44;8.96;6.65;22.36;10.70;0.08;0.07;10.42;4.02;0.88;8.86;33.74;23.66;1234518
1666232539.000;1;229865472;2;0;1;0;10;0.00;0.00;0;4.2000;2.5000;1.0000;-1.0000;0.1500;-0.1500;2.962058;97.470522;-2.936239;0.000000;-2.936239;-10.689039;0.000000;-10.689039;99.293172;95.499629;4.1863;2.6152;99.4968;0.3685;25.44;25.91;10726.60;0;1;5.90;5.88;0.02;0.02;2.80;1.25;0.23;2.44;8.96;9.59;22.36;21.39;0.08;0.07;10.42;4.02;0.88;8.86;33.74;34.35;2286084
1666234117.000;1;230274560;0;1;1;0;10;0.00;0.00;0;3.4109;2.5000;1.0000;-1.0000;0.1500;-0.1500;nan;nan;0.306570;0.306570;0.000000;1.007791;1.007791;0.000000;nan;nan;2.6152;3.4108;0.3685;10.6516;25.91;25.40;1576.90;0;1;5.90;5.88;0.02;0.02;3.10;1.25;0.23;2.44;9.27;9.59;22.36;21.39;0.08;0.07;11.42;4.02;0.88;8.86;34.74;34.35;2436469
1666239405.000;1;231638528;0;1;1;0;10;0.00;0.00;0;3.6091;2.5000;1.0000;-1.0000;0.1500;-0.1500;nan;nan;0.575078;0.575078;0.000000;2.036944;2.036944;0.000000;nan;nan;3.3864;3.6090;12.5860;31.8756;25.18;25.36;2730.00;0;1;5.90;5.88;0.02;0.02;3.71;1.28;0.23;2.44;9.87;9.61;22.36;21.39;0.08;0.07;13.55;4.11;0.88;8.86;36.87;34.43;2940956
1666247359.000;1;233692160;0;1;1;0;10;0.00;0.00;0;3.7453;2.5000;1.0000;-1.0000;0.1500;-0.1500;nan;nan;0.609596;0.609596;0.000000;2.254723;2.254723;0.000000;nan;nan;3.5958;3.7452;30.9744;51.4218;25.11;25.21;2838.10;0;1;5.90;5.88;0.02;0.02;4.34;1.30;0.23;2.44;10.50;9.64;22.36;21.39;0.08;0.07;15.90;4.21;0.88;8.86;39.22;34.53;3699507
1666256759.000;1;236118016;0;1;1;0;10;0.00;0.00;0;3.9393;2.5000;1.0000;-1.0000;0.1500;-0.1500;nan;nan;0.569899;0.569899;0.000000;2.211964;2.211964;0.000000;nan;nan;3.7304;3.9322;49.4063;68.5222;25.02;25.20;2680.30;0;1;5.90;5.88;0.02;0.02;4.94;1.33;0.23;2.44;11.10;9.67;22.36;21.39;0.08;0.07;18.21;4.30;0.88;8.86;41.53;34.63;4595805
1666266314.000;1;238582784;0;1;1;0;10;0.00;0.00;0;4.0923;2.5000;1.0000;-1.0000;0.1500;-0.1500;nan;nan;0.500778;0.500778;0.000000;2.027800;2.027800;0.000000;nan;nan;3.9294;4.0853;69.4932;86.2906;25.06;25.13;2898.31;0;1;5.90;5.88;0.02;0.02;5.46;1.36;0.23;2.44;11.63;9.69;22.36;21.39;0.08;0.07;20.34;4.41;0.88;8.86;43.67;34.73;5507167
1666294944.000;1;245938688;0;1;1;0;10;0.00;0.00;0;4.0923;2.5000;1.0000;-1.0000;0.1500;-0.1500;nan;nan;0.010108;0.010108;0.000000;0.041365;0.041365;0.000000;nan;nan;4.0778;4.0849;86.3122;86.6512;2.30;2.31;203.90;0;1;5.90;5.88;0.02;0.02;5.50;1.40;0.24;2.44;11.67;9.73;22.36;21.39;0.08;0.07;20.50;4.56;0.92;8.86;43.86;34.88;8237545
1666306686.000;1;248965632;0;0;1;0;10;0.00;0.00;0;4.2000;3.9279;1.0000;-1.0000;0.1500;-0.1500;nan;nan;-0.412721;0.000000;-0.412721;-1.630155;0.000000;-1.630155;nan;nan;4.0790;3.9430;86.7689;72.8353;2.41;2.39;2651.00;0;1;5.90;5.88;0.02;0.02;5.50;1.40;0.28;2.89;11.71;10.18;22.36;21.39;0.08;0.07;20.50;4.56;1.07;10.64;44.02;36.66;9357425
1666316368.000;1;251463168;0;0;1;0;10;0.00;0.00;0;4.2000;3.7271;1.0000;-1.0000;0.1500;-0.1500;nan;nan;-0.569483;0.000000;-0.569483;-2.146936;0.000000;-2.146936;nan;nan;3.9473;3.7408;71.6031;52.3772;2.42;2.42;3016.90;0;1;5.90;5.88;0.02;0.02;5.50;1.40;0.32;3.49;11.75;10.79;22.36;21.39;0.08;0.07;20.50;4.56;1.22;12.93;44.16;38.95;10280772
1666327475.000;1;254327808;0;0;1;0;10;0.00;0.00;0;4.2000;3.5676;1.0000;-1.0000;0.1500;-0.1500;nan;nan;-0.619520;0.000000;-0.619521;-2.224647;0.000000;-2.224647;nan;nan;3.7460;3.5703;51.0085;30.0933;2.39;2.47;4037.50;0;1;5.90;5.88;0.02;0.02;5.50;1.40;0.36;4.15;11.79;11.45;22.36;21.39;0.08;0.07;20.50;4.56;1.36;15.30;44.30;41.32;11340069
1666335598.000;1;256424960;0;0;1;0;10;0.00;0.00;0;4.2000;3.2491;1.0000;-1.0000;0.1500;-0.1500;nan;nan;-0.607821;0.000000;-0.607821;-2.052901;0.000000;-2.052901;nan;nan;3.5937;3.2547;30.7039;10.1837;2.50;2.72;2718.91;0;1;5.90;5.88;0.02;0.02;5.50;1.40;0.39;4.80;11.82;12.09;22.36;21.39;0.08;0.07;20.50;4.56;1.50;17.48;44.44;43.50;12114880
1666341831.000;1;258040320;0;0;1;0;10;0.00;0.00;0;4.2000;3.2950;1.0000;-1.0000;0.1500;-0.1500;nan;nan;-0.001398;0.000000;-0.001398;-0.004605;0.000000;-0.004605;nan;nan;3.3098;3.2951;9.3516;9.3044;2.94;2.90;34.50;0;1;5.90;5.88;0.02;0.02;5.50;1.40;0.43;4.83;11.86;12.13;22.36;21.39;0.08;0.07;20.50;4.56;1.62;17.61;44.56;43.62;12709244
1668008557.000;1;686592512;0;0;1;0;10;0.00;0.00;0;4.2000;2.6000;1.0000;-1.0000;0.1500;-0.1500;nan;nan;-0.307182;0.000000;-0.307182;-0.909549;0.000000;-0.909549;nan;nan;3.2869;2.6001;8.4248;-1.9458;24.83;27.00;1254.90;0;2;5.90;5.88;0.08;0.07;5.50;1.70;0.43;4.83;11.91;12.49;22.36;21.39;0.25;0.24;20.50;5.47;1.62;17.61;44.74;44.70;17407248
1668009013.000;1;686710272;0;0;1;0;10;0.00;0.00;0;4.2000;2.5000;1.0000;-1.0000;0.1500;-0.1500;nan;nan;-0.015148;0.000000;-0.015148;-0.038159;0.000000;-0.038159;nan;nan;2.6924;2.5096;0.6155;0.1041;26.34;26.26;155.60;0;2;5.90;5.88;0.08;0.07;5.50;1.72;0.43;4.83;11.91;12.50;22.36;21.39;0.25;0.24;20.50;5.51;1.62;17.61;44.74;44.74;17450706
1668020723.000;1;689717760;2;1;1;0;10;0.00;0.00;0;4.2000;2.5000;1.0000;-1.0000;0.1500;-0.1500;2.967676;97.845078;2.943712;2.943712;0.000000;11.144325;11.144325;0.000000;nan;nan;2.5959;4.1864;0.3069;99.4994;25.90;25.34;11110.79;0;2;8.85;5.88;0.08;0.07;5.50;1.72;0.43;4.83;14.86;12.50;33.51;21.39;0.25;0.24;20.50;5.51;1.62;17.61;55.88;44.74;18567543
1668031700.000;1;692544000;2;0;1;0;10;0.00;0.00;0;4.2000;2.5000;1.0000;-1.0000;0.1500;-0.1500;2.951028;96.735221;-2.925295;0.000000;-2.925295;-10.657533;0.000000;-10.657533;99.374390;95.631927;4.1864;2.6161;99.4994;0.3714;25.34;25.82;10676.80;0;2;8.85;8.80;0.08;0.07;5.50;1.72;0.43;4.83;14.86;15.43;33.51;32.04;0.25;0.24;20.50;5.51;1.62;17.61;55.88;55.40;19614380
1668033230.000;1;692939776;0;1;1;0;10;0.00;0.00;0;3.4109;2.5000;1.0000;-1.0000;0.1500;-0.1500;nan;nan;0.301658;0.301658;0.000000;0.991278;0.991278;0.000000;nan;nan;2.6161;3.4108;0.3714;10.5362;25.82;25.39;1529.51;0;2;8.85;8.80;0.08;0.07;5.80;1.72;0.43;4.83;15.16;15.43;33.51;32.04;0.25;0.24;21.49;5.51;1.62;17.61;56.87;55.40;19760246
1668040504.000;1;694818304;0;1;1;0;10;0.00;0.00;0;3.6091;2.5000;1.0000;-1.0000;0.1500;-0.1500;nan;nan;0.570975;0.570975;0.000000;2.022373;2.022373;0.000000;nan;nan;3.3829;3.6090;12.3990;31.6388;25.24;25.29;2718.71;0;2;8.85;8.80;0.08;0.07;6.41;1.76;0.43;4.83;15.77;15.47;33.51;32.04;0.25;0.24;23.64;5.63;1.62;17.61;59.03;55.52;20453910
1668048885.000;1;696982016;0;1;1;0;10;0.00;0.00;0;3.7453;2.5000;1.0000;-1.0000;0.1500;-0.1500;nan;nan;0.609702;0.609702;0.000000;2.254945;2.254945;0.000000;nan;nan;3.5956;3.7452;30.9484;51.4931;25.17;25.26;2837.80;0;2;8.85;8.80;0.08;0.07;7.06;1.79;0.43;4.83;16.41;15.50;33.51;32.04;0.25;0.24;26.04;5.77;1.62;17.61;61.42;55.66;21253272
1668057853.000;1;699296768;0;1;1;0;10;0.00;0.00;0;3.9393;2.5000;1.0000;-1.0000;0.1500;-0.1500;nan;nan;0.568906;0.568906;0.000000;2.208127;2.208127;0.000000;nan;nan;3.7309;3.9325;49.4479;68.6180;25.15;25.17;2677.80;0;2;8.85;8.80;0.08;0.07;7.67;1.83;0.43;4.83;17.02;15.54;33.51;32.04;0.25;0.24;28.39;5.91;1.62;17.61;63.77;55.80;22108658
1668066321.000;1;701480448;0;1;1;0;10;0.00;0.00;0;4.0923;2.5000;1.0000;-1.0000;0.1500;-0.1500;nan;nan;0.499016;0.499016;0.000000;2.020686;2.020686;0.000000;nan;nan;3.9296;4.0854;69.5231;86.3382;25.02;25.06;2891.70;0;2;8.85;8.80;0.08;0.07;8.20;1.87;0.43;4.83;17.56;15.58;33.51;32.04;0.25;0.24;30.56;6.05;1.62;17.61;65.94;55.94;22916210
1668090562.000;1;707696128;0;1;1;0;10;0.00;0.00;0;4.0923;2.5000;1.0000;-1.0000;0.1500;-0.1500;nan;nan;0.009397;0.009397;-0.000000;0.038455;0.038455;-0.000000;nan;nan;4.0782;4.0851;86.4142;86.7308;2.41;2.42;189.10;0;2;8.85;8.80;0.08;0.07;8.24;1.91;0.44;4.83;17.61;15.62;33.51;32.04;0.25;0.24;30.71;6.20;1.66;17.61;66.13;56.10;25228115
1668098098.000;1;709640192;0;0;1;0;10;0.00;0.00;0;4.2000;3.9279;1.0000;-1.0000;0.1500;-0.1500;nan;nan;-0.414022;0.000000;-0.414022;-1.635642;0.000000;-1.635642;nan;nan;4.0794;3.9429;86.8706;72.8409;2.45;2.39;2639.30;0;2;8.85;8.80;0.08;0.07;8.24;1.91;0.48;5.29;17.64;16.07;33.51;32.04;0.25;0.24;30.71;6.20;1.81;19.39;66.29;57.88;25946749
1668107063.000;1;711953408;0;0;1;0;10;0.00;0.00;0;4.2000;3.7271;1.0000;-1.0000;0.1500;-0.1500;nan;nan;-0.567533;0.000000;-0.567533;-2.140038;0.000000;-2.140038;nan;nan;3.9470;3.7405;71.5633;52.3316;2.51;2.40;2979.30;0;2;8.85;8.80;0.08;0.07;8.24;1.91;0.51;5.89;17.68;16.68;33.51;32.04;0.25;0.24;30.71;6.20;1.96;21.68;66.43;60.17;26801763
1668116420.000;1;714368000;0;0;1;0;10;0.00;0.00;0;4.2000;3.5676;1.0000;-1.0000;0.1500;-0.1500;nan;nan;-0.623649;0.000000;-0.623649;-2.239588;0.000000;-2.239588;nan;nan;3.7459;3.5690;50.9953;29.8620;2.46;2.47;4076.90;0;2;8.85;8.80;0.08;0.07;8.24;1.91;0.55;6.56;17.72;17.34;33.51;32.04;0.25;0.24;30.71;6.20;2.11;24.06;66.59;62.55;27694124
1668123574.000;1;716213760;0;0;1;0;10;0.00;0.00;0;4.2000;3.2491;1.0000;-1.0000;0.1500;-0.1500;nan;nan;-0.605709;0.000000;-0.605709;-2.045772;0.000000;-2.045772;nan;nan;3.5923;3.2514;30.5244;9.9990;2.52;2.67;2694.89;0;2;8.85;8.80;0.08;0.07;8.24;1.91;0.60;7.20;17.76;17.99;33.51;32.04;0.25;0.24;30.71;6.20;2.27;26.26;66.74;64.75;28376403
1668127297.000;1;717176320;0;0;1;0;10;0.00;0.00;0;4.2000;3.2950;1.0000;-1.0000;0.1500;-0.1500;nan;nan;-0.000016;0.000000;-0.000016;-0.000053;0.000000;-0.000053;nan;nan;3.3031;3.3018;9.1075;9.1069;2.73;2.73;0.60;0;2;8.85;8.80;0.08;0.07;8.24;1.91;0.63;7.24;17.80;18.02;33.51;32.04;0.25;0.24;30.71;6.20;2.39;26.37;66.86;64.86;28731616
1669827874.000;1;1154396160;0;0;1;0;10;0.00;0.00;0;4.2000;2.6000;1.0000;-1.0000;0.1500;-0.1500;nan;nan;-0.297257;0.000000;-0.297257;-0.880426;0.000000;-0.880426;nan;nan;3.2863;2.6001;8.4041;-1.6689;24.54;26.01;1217.50;0;3;8.85;8.80;0.13;0.13;8.24;2.21;0.63;7.24;17.86;18.38;33.51;32.04;0.44;0.43;30.71;7.08;2.39;26.37;67.05;65.93;27785863
1669828324.000;1;1154512896;0;0;1;0;10;0.00;0.00;0;4.2000;2.5000;1.0000;-1.0000;0.1500;-0.1500;nan;nan;-0.014708;0.000000;-0.014708;-0.037047;0.000000;-0.037047;nan;nan;2.6938;2.5110;0.6198;0.1214;25.42;25.39;151.40;0;3;8.85;8.80;0.13;0.13;8.24;2.22;0.63;7.24;17.86;18.39;33.51;32.04;0.44;0.43;30.71;7.12;2.39;26.37;67.05;65.97;27828911
1669839994.000;1;1157509120;2;1;1;0;10;0.00;0.00;0;4.2000;2.5000;1.0000;-1.0000;0.1500;-0.1500;2.954231;96.948749;2.930067;2.930067;0.000000;11.098680;11.098680;0.000000;nan;nan;2.5972;4.1862;0.3112;99.4933;25.12;24.82;11071.20;0;3;11.78;8.80;0.13;0.13;8.24;2.22;0.63;7.24;20.79;18.39;44.60;32.04;0.44;0.43;30.71;7.12;2.39;26.37;78.15;65.97;28941964
1669850919.000;1;1160319488;2;0;1;0;10;0.00;0.00;0;4.2000;2.5000;1.0000;-1.0000;0.1500;-0.1500;2.936992;95.799446;-2.911044;0.000000;-2.911044;-10.611430;0.000000;-10.611430;99.350768;95.609838;4.1862;2.6177;99.4933;0.3767;24.82;25.48;10623.41;0;3;11.78;11.71;0.13;0.13;8.24;2.22;0.63;7.24;20.79;21.30;44.60;42.66;0.44;0.43;30.71;7.12;2.39;26.37;78.15;76.58;29983708
1669852409.000;1;1160704512;0;1;1;0;10;0.00;0.00;0;3.4109;2.5000;1.0000;-1.0000;0.1500;-0.1500;nan;nan;0.295156;0.295156;0.000000;0.969769;0.969769;0.000000;nan;nan;2.6177;3.4108;0.3767;10.3677;25.48;25.02;1490.30;0;3;11.78;11.71;0.13;0.13;8.54;2.22;0.63;7.24;21.08;21.30;44.60;42.66;0.44;0.43;31.68;7.12;2.39;26.37;79.12;76.58;30125828
1669859169.000;1;1162448896;0;1;1;0;10;0.00;0.00;0;3.6091;2.5000;1.0000;-1.0000;0.1500;-0.1500;nan;nan;0.565282;0.565282;0.000000;2.002523;2.002523;0.000000;nan;nan;3.3840;3.6090;12.4560;31.5906;24.81;24.93;2683.40;0;3;11.78;11.71;0.13;0.13;9.14;2.26;0.63;7.24;21.69;21.34;44.60;42.66;0.44;0.43;33.82;7.25;2.39;26.37;81.25;76.70;30770599
1669866917.000;1;1164447744;0;1;1;0;10;0.00;0.00;0;3.7453;2.5000;1.0000;-1.0000;0.1500;-0.1500;nan;nan;0.610676;0.610676;0.000000;2.258635;2.258635;0.000000;nan;nan;3.5957;3.7452;30.9635;51.6347;24.82;25.06;2866.90;0;3;11.78;11.71;0.13;0.13;9.79;2.30;0.63;7.24;22.33;21.38;44.60;42.66;0.44;0.43;36.21;7.38;2.39;26.37;83.65;76.84;31509437
1669873899.000;1;1166248960;0;1;1;0;10;0.00;0.00;0;3.9393;2.5000;1.0000;-1.0000;0.1500;-0.1500;nan;nan;0.567156;0.567156;0.000000;2.201496;2.201496;0.000000;nan;nan;3.7314;3.9329;49.5073;68.7054;24.82;24.94;2672.11;0;3;11.78;11.71;0.13;0.13;10.39;2.33;0.63;7.24;22.94;21.42;44.60;42.66;0.44;0.43;38.56;7.52;2.39;26.37;85.99;76.98;32175423
1669881397.000;1;1168180736;0;1;1;0;10;0.00;0.00;0;4.0923;2.5000;1.0000;-1.0000;0.1500;-0.1500;nan;nan;0.496467;0.496467;0.000000;2.010304;2.010304;0.000000;nan;nan;3.9297;4.0853;69.5352;86.3405;24.83;24.85;2844.09;0;3;11.78;11.71;0.13;0.13;10.93;2.38;0.63;7.24;23.48;21.46;44.60;42.66;0.44;0.43;40.73;7.68;2.39;26.37;88.17;77.14;32890415
1669911930.000;1;1176007680;0;1;1;0;10;0.00;0.00;0;4.0923;2.5000;1.0000;-1.0000;0.1500;-0.1500;nan;nan;0.009274;0.009274;0.000000;0.037953;0.037953;0.000000;nan;nan;4.0776;4.0849;86.2396;86.5535;1.44;1.48;187.80;0;3;11.78;11.71;0.13;0.13;10.97;2.42;0.64;7.24;23.53;21.50;44.60;42.66;0.44;0.43;40.89;7.84;2.43;26.37;88.36;77.29;35802375
1669921295.000;1;1178421248;0;0;1;0;10;0.00;0.00;0;4.2000;3.9279;1.0000;-1.0000;0.1500;-0.1500;nan;nan;-0.404474;0.000000;-0.404474;-1.596988;0.000000;-1.596988;nan;nan;4.0786;3.9432;86.6588;72.8871;1.58;1.53;2595.50;0;3;11.78;11.71;0.13;0.13;10.97;2.42;0.68;7.68;23.56;21.94;44.60;42.66;0.44;0.43;40.89;7.84;2.58;28.12;88.52;79.04;36695622
1669928953.000;1;1180396544;0;0;1;0;10;0.00;0.00;0;4.2000;3.7271;1.0000;-1.0000;0.1500;-0.1500;nan;nan;-0.569825;0.000000;-0.569825;-2.147696;0.000000;-2.147696;nan;nan;3.9479;3.7401;71.6638;52.2621;1.60;1.59;3039.31;0;3;11.78;11.71;0.13;0.13;10.97;2.42;0.72;8.30;23.61;22.55;44.60;42.66;0.44;0.43;40.89;7.84;2.75;30.44;88.69;81.36;37425965
1669936931.000;1;1182454272;0;0;1;0;10;0.00;0.00;0;4.2000;3.5676;1.0000;-1.0000;0.1500;-0.1500;nan;nan;-0.620184;0.000000;-0.620184;-2.226346;0.000000;-2.226346;nan;nan;3.7459;3.5691;50.9962;29.8799;1.58;1.64;4113.90;0;3;11.78;11.71;0.13;0.13;10.97;2.42;0.76;8.95;23.64;23.21;44.60;42.66;0.44;0.43;40.89;7.84;2.90;32.80;88.83;83.72;38186751
1669942853.000;1;1183983104;0;0;1;0;10;0.00;0.00;0;4.2000;3.2491;1.0000;-1.0000;0.1500;-0.1500;nan;nan;-0.605164;0.000000;-0.605164;-2.042940;0.000000;-2.042940;nan;nan;3.5922;3.2498;30.5134;9.9085;1.73;1.81;2700.40;0;3;11.78;11.71;0.13;0.13;10.97;2.42;0.80;9.60;23.68;23.86;44.60;42.66;0.44;0.43;40.89;7.84;3.03;34.98;88.96;85.90;38751529
1669947204.000;1;1185108992;0;0;1;0;10;0.00;0.00;0;4.2000;3.2950;1.0000;-1.0000;0.1500;-0.1500;nan;nan;-0.000502;0.000000;-0.000502;-0.001654;0.000000;-0.001654;nan;nan;3.3058;3.2951;9.2080;9.1910;1.99;1.98;16.49;0;3;11.78;11.71;0.13;0.13;10.97;2.42;0.83;9.63;23.72;23.89;44.60;42.66;0.44;0.43;40.89;7.84;3.15;35.10;89.09;86.02;39166589
1669983987.000;1;1194556416;0;0;1;0;10;0.00;0.00;0;4.2000;3.9279;1.0000;-1.0000;0.1500;-0.1500;nan;nan;-0.354540;0.000000;-0.354540;-1.399101;0.000000;-1.399101;nan;nan;4.0689;3.9410;84.4931;72.4216;1.61;1.52;2329.69;0;3;11.78;11.71;0.14;0.14;10.97;2.42;3.01;10.03;25.90;24.29;44.60;42.66;0.47;0.46;40.89;7.84;11.46;36.62;97.42;87.57;1496807
1669990779.000;1;1196309504;0;0;1;0;10;0.00;0.00;0;4.2000;3.7271;1.0000;-1.0000;0.1500;-0.1500;nan;nan;-0.554945;0.000000;-0.554945;-2.092946;0.000000;-2.092946;nan;nan;3.9448;3.7410;71.3182;52.4231;1.58;1.60;2910.90;0;3;11.78;11.71;0.14;0.14;10.97;2.42;3.04;10.62;25.93;24.89;44.60;42.66;0.47;0.46;40.89;7.84;11.61;38.86;97.57;89.81;2144649
1669998775.000;1;1198372864;0;0;1;0;10;0.00;0.00;0;4.2000;3.5676;1.0000;-1.0000;0.1500;-0.1500;nan;nan;-0.622017;0.000000;-0.622017;-2.233330;0.000000;-2.233330;nan;nan;3.7436;3.5677;50.7695;29.5908;1.66;1.76;4060.30;0;3;11.78;11.71;0.14;0.14;10.97;2.42;3.08;11.28;25.97;25.55;44.60;42.66;0.47;0.46;40.89;7.84;11.75;41.23;97.71;92.19;2907132
1670005231.000;1;1200040448;0;0;1;0;10;0.00;0.00;0;4.2000;3.2491;1.0000;-1.0000;0.1500;-0.1500;nan;nan;-0.598765;0.000000;-0.598765;-2.021897;0.000000;-2.021897;nan;nan;3.5911;3.2512;30.3713;9.9843;1.83;1.94;2659.50;0;3;11.78;11.71;0.14;0.14;10.97;2.42;3.12;11.92;26.01;26.19;44.60;42.66;0.47;0.46;40.89;7.84;11.89;43.39;97.85;94.34;3522881
1670006968.000;1;1200491520;0;1;1;0;10;0.00;0.00;0;3.3050;2.5000;1.0000;-1.0000;0.1500;-0.1500;nan;nan;0.001045;0.001045;0.000000;0.003455;0.003455;0.000000;nan;nan;3.2930;3.3049;8.7270;8.7624;1.99;1.97;28.70;0;3;11.78;11.71;0.14;0.14;10.98;2.43;3.15;11.94;26.05;26.22;44.60;42.66;0.47;0.46;40.92;7.87;11.98;43.48;97.98;94.47;3688617
1671636735.000;1;1619355648;0;0;1;0;10;0.00;0.00;0;4.2000;2.6000;1.0000;-1.0000;0.1500;-0.1500;nan;nan;-0.291189;0.000000;-0.291189;-0.864562;0.000000;-0.864562;nan;nan;3.2875;2.6001;8.4479;-1.4666;24.86;26.01;1188.90;0;4;11.78;11.71;0.19;0.19;10.98;2.72;3.15;11.94;26.10;26.57;44.60;42.66;0.64;0.64;40.92;8.74;11.98;43.48;98.15;95.51;118162519
1671637180.000;1;1619470848;0;0;1;0;10;0.00;0.00;0;4.2000;2.5000;1.0000;-1.0000;0.1500;-0.1500;nan;nan;-0.014402;0.000000;-0.014402;-0.036308;0.000000;-0.036308;nan;nan;2.6954;2.5120;0.6252;0.1348;25.40;25.34;145.61;0;4;11.78;11.71;0.19;0.19;10.98;2.73;3.15;11.94;26.10;26.58;44.60;42.66;0.64;0.64;40.92;8.77;11.98;43.48;98.15;95.54;118205013
1671648789.000;1;1622450688;2;1;1;0;10;0.00;0.00;0;4.2000;2.5000;1.0000;-1.0000;0.1500;-0.1500;2.937221;95.814753;2.913104;2.913104;0.000000;11.038411;11.038411;0.000000;nan;nan;2.5989;4.1862;0.3164;99.4953;25.11;24.95;11007.79;0;4;14.69;11.71;0.19;0.19;10.98;2.73;3.15;11.94;29.01;26.58;55.64;42.66;0.64;0.64;40.92;8.77;11.98;43.48;109.19;95.54;119312031
1671659652.000;1;1625245184;2;0;1;0;10;0.00;0.00;0;4.2000;2.5000;1.0000;-1.0000;0.1500;-0.1500;2.921269;94.751292;-2.895230;0.000000;-2.895230;-10.563411;0.000000;-10.563411;99.386442;95.696843;4.1862;2.6208;99.4953;0.3867;24.95;25.48;10563.60;0;4;14.69;14.61;0.19;0.19;10.98;2.73;3.15;11.94;29.01;29.48;55.64;53.22;0.64;0.64;40.92;8.77;11.98;43.48;109.19;106.11;120348055
1671661096.000;1;1625617920;0;1;1;0;10;0.00;0.00;0;3.4109;2.5000;1.0000;-1.0000;0.1500;-0.1500;nan;nan;0.288077;0.288077;0.000000;0.946253;0.946253;0.000000;nan;nan;2.6208;3.4108;0.3867;10.1945;25.48;25.14;1444.00;0;4;14.69;14.61;0.19;0.19;11.27;2.73;3.15;11.94;29.30;29.48;55.64;53.22;0.64;0.64;41.87;8.77;11.98;43.48;110.13;106.11;120485769
1671667364.000;1;1627236352;0;1;1;0;10;0.00;0.00;0;3.6091;2.5000;1.0000;-1.0000;0.1500;-0.1500;nan;nan;0.559032;0.559032;0.000000;1.980409;1.980409;0.000000;nan;nan;3.3854;3.6090;12.5303;31.5629;24.90;24.88;2655.90;0;4;14.69;14.61;0.19;0.19;11.87;2.77;3.15;11.94;29.90;29.52;55.64;53.22;0.64;0.64;43.98;8.90;11.98;43.48;112.25;106.23;121083584
1671673906.000;1;1628924928;0;1;1;0;10;0.00;0.00;0;3.7453;2.5000;1.0000;-1.0000;0.1500;-0.1500;nan;nan;0.607497;0.607497;0.000000;2.246816;2.246816;0.000000;nan;nan;3.5963;3.7452;31.0343;51.7170;24.94;25.08;2832.70;0;4;14.69;14.61;0.19;0.19;12.51;2.81;3.15;11.94;30.54;29.55;55.64;53.22;0.64;0.64;46.37;9.03;11.98;43.48;114.63;106.37;121707514
1671681314.000;1;1630836736;0;1;1;0;10;0.00;0.00;0;3.9393;2.5000;1.0000;-1.0000;0.1500;-0.1500;nan;nan;0.567909;0.567909;0.000000;2.204242;2.204242;0.000000;nan;nan;3.7308;3.9332;49.4455;68.7804;24.86;24.94;2675.10;0;4;14.69;14.61;0.19;0.19;13.12;2.85;3.15;11.94;31.15;29.59;55.64;53.22;0.64;0.64;48.71;9.17;11.98;43.48;116.98;106.51;122414058
1671688440.000;1;1632674304;0;1;1;0;10;0.00;0.00;0;4.0923;2.5000;1.0000;-1.0000;0.1500;-0.1500;nan;nan;0.495635;0.495635;0.000000;2.006942;2.006942;0.000000;nan;nan;3.9299;4.0855;69.5543;86.4286;24.96;24.87;2849.30;0;4;14.69;14.61;0.19;0.19;13.65;2.89;3.15;11.94;31.68;29.63;55.64;53.22;0.64;0.64;50.87;9.32;11.98;43.48;119.13;106.65;123093564
1671721191.000;1;1641069568;0;1;1;0;10;0.00;0.00;0;4.0923;2.5000;1.0000;-1.0000;0.1500;-0.1500;nan;nan;0.009177;0.009177;0.000000;0.037554;0.037554;0.000000;nan;nan;4.0777;4.0849;86.2746;86.5870;1.59;1.59;185.70;0;4;14.69;14.61;0.19;0.19;13.69;2.92;3.15;11.94;31.73;29.67;55.64;53.22;0.64;0.64;51.03;9.47;12.02;43.48;119.33;106.81;126217035
1671730164.000;1;1643383296;0;0;1;0;10;0.00;0.00;0;4.2000;3.9279;1.0000;-1.0000;0.1500;-0.1500;nan;nan;-0.405912;0.000000;-0.405912;-1.602978;0.000000;-1.602978;nan;nan;4.0787;3.9427;86.6855;72.7905;1.88;1.63;2599.40;0;4;14.69;14.61;0.19;0.19;13.69;2.92;3.19;12.39;31.77;30.11;55.64;53.22;0.64;0.64;51.03;9.47;12.17;45.23;119.48;108.56;127072964
1671736958.000;1;1645135872;0;0;1;0;10;0.00;0.00;0;4.2000;3.7271;1.0000;-1.0000;0.1500;-0.1500;nan;nan;-0.567704;0.000000;-0.567704;-2.139985;0.000000;-2.139985;nan;nan;3.9471;3.7396;71.5799;52.1465;1.68;1.81;2993.71;0;4;14.69;14.61;0.19;0.19;13.69;2.92;3.23;13.00;31.81;30.72;55.64;53.22;0.64;0.64;51.03;9.47;12.33;47.53;119.64;110.86;127720825
1671744944.000;1;1647195648;0;0;1;0;10;0.00;0.00;0;4.2000;3.5676;1.0000;-1.0000;0.1500;-0.1500;nan;nan;-0.619459;0.000000;-0.619459;-2.224149;0.000000;-2.224149;nan;nan;3.7456;3.5685;50.9694;29.7643;1.77;1.76;4086.10;0;4;14.69;14.61;0.19;0.19;13.69;2.92;3.27;13.66;31.85;31.38;55.64;53.22;0.64;0.64;51.03;9.47;12.47;49.90;119.78;113.23;128482393
1671750402.000;1;1648605696;0;0;1;0;10;0.00;0.00;0;4.2000;3.2491;1.0000;-1.0000;0.1500;-0.1500;nan;nan;-0.602716;0.000000;-0.602716;-2.035038;0.000000;-2.035038;nan;nan;3.5915;3.2492;30.4145;9.7825;1.74;2.10;2678.50;0;4;14.69;14.61;0.19;0.19;13.69;2.92;3.31;14.30;31.88;32.02;55.64;53.22;0.64;0.64;51.03;9.47;12.61;52.07;119.92;115.40;129003074
1671754551.000;1;1649678848;0;0;1;0;10;0.00;0.00;0;4.2000;3.2950;1.0000;-1.0000;0.1500;-0.1500;nan;nan;-0.000173;0.000000;-0.000173;-0.000571;0.000000;-0.000571;nan;nan;3.3042;3.2951;9.1504;9.1445;2.06;2.06;6.10;0;4;14.69;14.61;0.19;0.19;13.69;2.92;3.34;14.33;31.92;32.06;55.64;53.22;0.64;0.64;51.03;9.47;12.73;52.19;120.05;115.52;129398637
1673450545.000;1;2084896256;0;0;1;0;10;0.00;0.00;0;4.2000;2.6000;1.0000;-1.0000;0.1500;-0.1500;nan;nan;-0.280877;0.000000;-0.280877;-0.834875;0.000000;-0.834875;nan;nan;3.2869;2.6001;8.4262;-1.1887;24.98;26.34;1143.89;0;5;14.69;14.61;0.25;0.25;13.69;3.20;3.34;14.33;31.98;32.39;55.64;53.22;0.83;0.82;51.03;10.31;12.73;52.19;120.23;116.54;291146877
1673450984.000;1;2085009920;0;0;1;0;10;0.00;0.00;0;4.2000;2.5000;1.0000;-1.0000;0.1500;-0.1500;nan;nan;-0.014117;0.000000;-0.014117;-0.035616;0.000000;-0.035616;nan;nan;2.6966;2.5129;0.6289;0.1456;25.66;25.60;140.50;0;5;14.69;14.61;0.25;0.25;13.69;3.22;3.34;14.33;31.98;32.41;55.64;53.22;0.83;0.82;51.03;10.34;12.73;52.19;120.23;116.57;291188886
1673462545.000;1;2087974912;2;1;1;0;10;0.00;0.00;0;4.2000;2.5000;1.0000;-1.0000;0.1500;-0.1500;2.925781;95.052099;2.901843;2.901843;0.000000;10.998503;10.998503;0.000000;nan;nan;2.5997;4.1864;0.3192;99.5010;25.33;25.15;10961.21;0;5;17.59;14.61;0.25;0.25;13.69;3.22;3.34;14.33;34.88;32.41;66.64;53.22;0.83;0.82;51.03;10.34;12.73;52.19;131.23;116.57;292291450
1673473364.000;1;2090756096;2;0;1;0;10;0.00;0.00;0;4.2000;2.5000;1.0000;-1.0000;0.1500;-0.1500;2.909088;93.939209;-2.883106;0.000000;-2.883106;-10.526893;0.000000;-10.526893;99.354303;95.712054;4.1864;2.6232;99.5010;0.3941;25.15;25.75;10518.70;0;5;17.59;17.49;0.25;0.25;13.69;3.22;3.34;14.33;34.88;35.29;66.64;63.75;0.83;0.82;51.03;10.34;12.73;52.19;131.23;127.10;293323203
1673474778.000;1;2091120640;0;1;1;0;10;0.00;0.00;0;3.4109;2.5000;1.0000;-1.0000;0.1500;-0.1500;nan;nan;0.282862;0.282862;0.000000;0.928907;0.928907;0.000000;nan;nan;2.6232;3.4101;0.3941;10.0620;25.75;25.39;1413.90;0;5;17.59;17.49;0.25;0.25;13.97;3.22;3.34;14.33;35.16;35.29;66.64;63.75;0.83;0.82;51.95;10.34;12.73;52.19;132.16;127.10;293458048
1673479708.000;1;2092392960;0;1;1;0;10;0.00;0.00;0;3.6091;2.5000;1.0000;-1.0000;0.1500;-0.1500;nan;nan;0.555174;0.555174;0.000000;1.966720;1.966720;0.000000;nan;nan;3.3871;3.6090;12.6257;31.6009;24.99;25.18;2631.00;0;5;17.59;17.49;0.25;0.25;14.57;3.26;3.34;14.33;35.76;35.33;66.64;63.75;0.83;0.82;54.06;10.47;12.73;52.19;134.26;127.23;293928283
1673484853.000;1;2093720576;0;1;1;0;10;0.00;0.00;0;3.7453;2.5000;1.0000;-1.0000;0.1500;-0.1500;nan;nan;0.606063;0.606063;0.000000;2.241499;2.241499;0.000000;nan;nan;3.5970;3.7452;31.1243;51.8389;25.06;25.34;2817.20;0;5;17.59;17.49;0.25;0.25;15.21;3.30;3.34;14.33;36.40;35.37;66.64;63.75;0.83;0.82;56.44;10.62;12.73;52.19;136.64;127.37;294418998
1673490273.000;1;2095118848;0;1;1;0;10;0.00;0.00;0;3.9393;2.5000;1.0000;-1.0000;0.1500;-0.1500;nan;nan;0.567325;0.567325;0.000000;2.201918;2.201918;0.000000;nan;nan;3.7313;3.9335;49.4997;68.8903;24.94;25.20;2663.70;0;5;17.59;17.49;0.25;0.25;15.82;3.34;3.34;14.33;37.01;35.41;66.64;63.75;0.83;0.82;58.79;10.76;12.73;52.19;139.00;127.52;294935943
1673495076.000;1;2096356864;0;1;1;0;10;0.00;0.00;0;4.0923;2.5000;1.0000;-1.0000;0.1500;-0.1500;nan;nan;0.495932;0.495932;0.000000;2.008198;2.008198;0.000000;nan;nan;3.9307;4.0858;69.6573;86.6077;25.03;25.02;2861.30;0;5;17.59;17.49;0.25;0.25;16.35;3.38;3.34;14.33;37.54;35.45;66.64;63.75;0.83;0.82;60.95;10.91;12.73;52.19;141.15;127.66;295393993
1673528564.000;1;2104942080;0;1;1;0;10;0.00;0.00;0;4.0923;2.5000;1.0000;-1.0000;0.1500;-0.1500;nan;nan;0.009691;0.009691;0.000000;0.039657;0.039657;0.000000;nan;nan;4.0775;4.0848;86.2329;86.5641;1.80;1.87;194.80;0;5;17.59;17.49;0.25;0.25;16.39;3.42;3.35;14.33;37.59;35.49;66.64;63.75;0.83;0.82;61.11;11.07;12.77;52.19;141.35;127.82;298587770
1673536946.000;1;2107101696;0;0;1;0;10;0.00;0.00;0;4.2000;3.9279;1.0000;-1.0000;0.1500;-0.1500;nan;nan;-0.406765;0.000000;-0.406765;-1.606350;0.000000;-1.606350;nan;nan;4.0788;3.9424;86.6983;72.7157;1.93;1.99;2586.10;0;5;17.59;17.49;0.25;0.25;16.39;3.42;3.39;14.78;37.63;35.93;66.64;63.75;0.83;0.82;61.11;11.07;12.93;53.95;141.51;129.58;299387170
1673543250.000;1;2108727808;0;0;1;0;10;0.00;0.00;0;4.2000;3.7271;1.0000;-1.0000;0.1500;-0.1500;nan;nan;-0.566445;0.000000;-0.566445;-2.135579;0.000000;-2.135579;nan;nan;3.9467;3.7392;71.5361;52.0645;2.00;1.91;2987.80;0;5;17.59;17.49;0.25;0.25;16.39;3.42;3.43;15.39;37.67;36.54;66.64;63.75;0.83;0.82;61.11;11.07;13.09;56.24;141.67;131.88;299988380
1673549551.000;1;2110351872;0;0;1;0;10;0.00;0.00;0;4.2000;3.5676;1.0000;-1.0000;0.1500;-0.1500;nan;nan;-0.619232;0.000000;-0.619232;-2.223494;0.000000;-2.223494;nan;nan;3.7449;3.5677;50.8941;29.6080;2.06;1.90;4022.80;0;5;17.59;17.49;0.25;0.25;16.39;3.42;3.47;16.04;37.71;37.20;66.64;63.75;0.83;0.82;61.11;11.07;13.23;58.61;141.81;134.24;300589198
1673554335.000;1;2111587328;0;0;1;0;10;0.00;0.00;0;4.2000;3.2491;1.0000;-1.0000;0.1500;-0.1500;nan;nan;-0.600787;0.000000;-0.600787;-2.029484;0.000000;-2.029484;nan;nan;3.5904;3.2492;30.2747;9.6227;2.23;2.34;2648.60;0;5;17.59;17.49;0.25;0.25;16.39;3.42;3.51;16.68;37.74;37.84;66.64;63.75;0.83;0.82;61.11;11.07;13.37;60.76;141.94;136.40;301045542
1673556904.000;1;2112252928;0;1;1;0;10;0.00;0.00;0;3.3050;2.5000;1.0000;-1.0000;0.1500;-0.1500;nan;nan;0.000560;0.000560;0.000000;0.001852;0.001852;0.000000;nan;nan;3.2975;3.3049;8.8998;8.9189;2.29;2.28;20.80;0;5;17.59;17.49;0.25;0.25;16.41;3.43;3.53;16.71;37.78;37.87;66.64;63.75;0.83;0.82;61.15;11.11;13.45;60.85;142.07;136.52;301290489
1675264624.000;1;2549815296;0;0;1;0;10;0.00;0.00;0;4.2000;2.6000;1.0000;-1.0000;0.1500;-0.1500;nan;nan;-0.273654;0.000000;-0.273654;-0.813737;0.000000;-0.813737;nan;nan;3.2867;2.6001;8.4192;-0.9877;24.88;25.79;1117.00;0;6;17.59;17.49;0.31;0.31;16.41;3.70;3.53;16.71;37.84;38.21;66.64;63.75;1.02;1.01;61.15;11.92;13.45;60.85;142.26;137.53;48643014
1675265064.000;1;2549928960;0;0;1;0;10;0.00;0.00;0;4.2000;2.5000;1.0000;-1.0000;0.1500;-0.1500;nan;nan;-0.013919;0.000000;-0.013919;-0.035124;0.000000;-0.035124;nan;nan;2.6981;2.5136;0.6335;0.1551;25.29;25.29;138.51;0;6;17.59;17.49;0.31;0.31;16.41;3.72;3.53;16.71;37.84;38.22;66.64;63.75;1.02;1.01;61.15;11.95;13.45;60.85;142.26;137.56;48684832
1675276589.000;1;2552885248;2;1;1;0;10;0.00;0.00;0;4.2000;2.5000;1.0000;-1.0000;0.1500;-0.1500;2.915094;94.339627;2.891029;2.891029;0.000000;10.962195;10.962195;0.000000;nan;nan;2.6012;4.1864;0.3238;99.4982;25.10;24.96;10926.50;0;6;20.48;17.49;0.31;0.31;16.41;3.72;3.53;16.71;40.73;38.22;77.60;63.75;1.02;1.01;61.15;11.95;13.45;60.85;153.22;137.56;49784088
1675287363.000;1;2555656192;2;0;1;0;10;0.00;0.00;0;4.2000;2.5000;1.0000;-1.0000;0.1500;-0.1500;2.898087;93.205816;-2.871890;0.000000;-2.871890;-10.491600;0.000000;-10.491600;99.338007;95.707107;4.1864;2.6257;99.4982;0.4022;24.96;25.26;10475.11;0;6;20.48;20.36;0.31;0.31;16.41;3.72;3.53;16.71;40.73;41.09;77.60;74.24;1.02;1.01;61.15;11.95;13.45;60.85;153.22;148.06;50811684
1675288751.000;1;2556014592;0;1;1;0;10;0.00;0.00;0;3.4109;2.5000;1.0000;-1.0000;0.1500;-0.1500;nan;nan;0.277265;0.277265;-0.000000;0.910528;0.910528;-0.000000;nan;nan;2.6257;3.4087;0.4022;9.9135;25.26;25.05;1387.10;0;6;20.48;20.36;0.31;0.31;16.68;3.72;3.53;16.71;41.01;41.09;77.60;74.24;1.02;1.01;62.06;11.95;13.45;60.85;154.13;148.06;50943964
1675293874.000;1;2557335552;0;1;1;0;10;0.00;0.00;0;3.6091;2.5000;1.0000;-1.0000;0.1500;-0.1500;nan;nan;0.551005;0.551005;-0.000000;1.952060;1.952060;-0.000000;nan;nan;3.3869;3.6090;12.6131;31.5149;24.93;25.01;2604.60;0;6;20.48;20.36;0.31;0.31;17.27;3.76;3.53;16.71;41.60;41.13;77.60;74.24;1.02;1.01;64.15;12.08;13.45;60.85;156.22;148.18;51432439
1675299094.000;1;2558683136;0;1;1;0;10;0.00;0.00;0;3.7453;2.5000;1.0000;-1.0000;0.1500;-0.1500;nan;nan;0.605145;0.605145;-0.000000;2.238095;2.238095;-0.000000;nan;nan;3.5969;3.7452;31.1018;51.8608;24.93;24.99;2811.80;0;6;20.48;20.36;0.31;0.31;17.92;3.79;3.53;16.71;42.24;41.17;77.60;74.24;1.02;1.01;66.52;12.22;13.45;60.85;158.60;148.32;51930381
1675304173.000;1;2559993344;0;1;1;0;10;0.00;0.00;0;3.9393;2.5000;1.0000;-1.0000;0.1500;-0.1500;nan;nan;0.566677;0.566677;0.000000;2.199452;2.199452;0.000000;nan;nan;3.7315;3.9339;49.5183;68.9577;24.93;24.94;2662.60;0;6;20.48;20.36;0.31;0.31;18.52;3.83;3.53;16.71;42.85;41.21;77.60;74.24;1.02;1.01;68.86;12.36;13.45;60.85;160.94;148.46;52414679
1675309227.000;1;2561296896;0;1;1;0;10;0.00;0.00;0;4.0923;2.5000;1.0000;-1.0000;0.1500;-0.1500;nan;nan;0.494974;0.494974;0.000000;2.004271;2.004271;0.000000;nan;nan;3.9305;4.0858;69.6298;86.6095;24.94;24.92;2847.20;0;6;20.48;20.36;0.31;0.31;19.06;3.87;3.53;16.71;43.38;41.25;77.60;74.24;1.02;1.01;71.03;12.51;13.45;60.85;163.10;148.62;52896766
1675341086.000;1;2569462272;0;1;1;0;10;0.00;0.00;0;4.0923;2.5000;1.0000;-1.0000;0.1500;-0.1500;nan;nan;0.008908;0.008908;0.000000;0.036453;0.036453;0.000000;nan;nan;4.0776;4.0848;86.2409;86.5465;1.17;1.17;182.31;0;6;20.48;20.36;0.31;0.31;19.10;3.92;3.54;16.71;43.43;41.29;77.60;74.24;1.02;1.01;71.20;12.68;13.49;60.85;163.31;148.79;55935200
1675349584.000;1;2571652096;0;0;1;0;10;0.00;0.00;0;4.2000;3.9279;1.0000;-1.0000;0.1500;-0.1500;nan;nan;-0.403720;0.000000;-0.403720;-1.593833;0.000000;-1.593833;nan;nan;4.0786;3.9424;86.6603;72.7298;1.30;1.27;2618.90;0;6;20.48;20.36;0.31;0.31;19.10;3.92;3.58;17.15;43.47;41.73;77.60;74.24;1.02;1.01;71.20;12.68;13.64;62.60;163.46;150.53;56745583
1675356232.000;1;2573366272;0;0;1;0;10;0.00;0.00;0;4.2000;3.7271;1.0000;-1.0000;0.1500;-0.1500;nan;nan;-0.566677;0.000000;-0.566677;-2.135672;0.000000;-2.135672;nan;nan;3.9474;3.7391;71.6059;52.0524;1.21;1.32;3008.40;0;6;20.48;20.36;0.31;0.31;19.10;3.92;3.62;17.75;43.51;42.34;77.60;74.24;1.02;1.01;71.20;12.68;13.79;64.88;163.61;152.82;57379658
1675362158.000;1;2574895104;0;0;1;0;10;0.00;0.00;0;4.2000;3.5676;1.0000;-1.0000;0.1500;-0.1500;nan;nan;-0.618352;0.000000;-0.618352;-2.219644;0.000000;-2.219644;nan;nan;3.7448;3.5677;50.8890;29.5525;1.25;1.37;4075.90;0;6;20.48;20.36;0.31;0.31;19.10;3.92;3.65;18.41;43.54;43.00;77.60;74.24;1.02;1.01;71.20;12.68;13.94;67.24;163.76;155.17;57944836
1675367237.000;1;2576207360;0;0;1;0;10;0.00;0.00;0;4.2000;3.2491;1.0000;-1.0000;0.1500;-0.1500;nan;nan;-0.598400;0.000000;-0.598400;-2.020352;0.000000;-2.020352;nan;nan;3.5913;3.2492;30.3898;9.7417;1.31;1.60;2647.80;0;6;20.48;20.36;0.31;0.31;19.10;3.92;3.69;19.05;43.58;43.63;77.60;74.24;1.02;1.01;71.20;12.68;14.08;69.39;163.90;157.33;58429154
1675369888.000;1;2576892416;0;1;1;0;10;0.00;0.00;0;3.3050;2.5000;1.0000;-1.0000;0.1500;-0.1500;nan;nan;0.000516;0.000516;0.000000;0.001707;0.001707;0.000000;nan;nan;3.2980;3.3049;8.9192;8.9369;1.62;1.61;20.50;0;6;20.48;20.36;0.31;0.31;19.11;3.93;3.72;19.07;43.62;43.67;77.60;74.24;1.02;1.01;71.24;12.72;14.16;69.48;164.02;157.45;58682072
1677078203.000;1;3015074816;0;0;1;0;10;0.00;0.00;0;4.2000;2.6000;1.0000;-1.0000;0.1500;-0.1500;nan;nan;-0.267419;0.000000;-0.267419;-0.795866;0.000000;-0.795866;nan;nan;3.2868;2.6001;8.4237;-0.8038;24.89;25.69;1091.80;0;7;20.48;20.36;0.37;0.36;19.11;4.20;3.72;19.07;43.68;44.00;77.60;74.24;1.21;1.20;71.24;13.52;14.16;69.48;164.22;158.44;221605234
1677078639.000;1;3015187456;0;0;1;0;10;0.00;0.00;0;4.2000;2.5000;1.0000;-1.0000;0.1500;-0.1500;nan;nan;-0.013755;0.000000;-0.013755;-0.034729;0.000000;-0.034729;nan;nan;2.6995;2.5143;0.6382;0.1636;25.23;25.25;135.70;0;7;20.48;20.36;0.37;0.36;19.11;4.21;3.72;19.07;43.68;44.01;77.60;74.24;1.21;1.20;71.24;13.55;14.16;69.48;164.22;158.47;221646785
1677090122.000;1;3018131968;2;1;1;0;10;0.00;0.00;0;4.2000;2.5000;1.0000;-1.0000;0.1500;-0.1500;2.903042;93.536156;2.878963;2.878963;-0.000000;10.919143;10.919143;-0.000000;nan;nan;2.6024;4.1864;0.3277;99.4982;25.07;24.99;10883.40;0;7;23.36;20.36;0.37;0.36;19.11;4.21;3.72;19.07;46.56;44.01;88.52;74.24;1.21;1.20;71.24;13.55;14.16;69.48;175.14;158.47;222741932
1677100857.000;1;3020888064;2;0;1;0;10;0.00;0.00;0;4.2000;2.5000;1.0000;-1.0000;0.1500;-0.1500;2.887123;92.474842;-2.860855;0.000000;-2.860855;-10.457449;0.000000;-10.457449;99.371046;95.771706;4.1864;2.6275;99.4982;0.4080;24.99;25.29;10435.81;0;7;23.36;23.22;0.37;0.36;19.11;4.21;3.72;19.07;46.56;46.87;88.52;84.70;1.21;1.20;71.24;13.55;14.16;69.48;175.14;168.93;223765771
1677102214.000;1;3021239296;0;1;1;0;10;0.00;0.00;0;3.4109;2.5000;1.0000;-1.0000;0.1500;-0.1500;nan;nan;0.272419;0.272419;-0.000000;0.894409;0.894409;-0.000000;nan;nan;2.6275;3.4075;0.4080;9.7919;25.29;25.04;1357.40;0;7;23.36;23.22;0.37;0.36;19.38;4.21;3.72;19.07;46.83;46.87;88.52;84.70;1.21;1.20;72.13;13.55;14.16;69.48;176.03;168.93;223895229
1677107333.000;1;3022558208;0;1;1;0;10;0.00;0.00;0;3.6091;2.5000;1.0000;-1.0000;0.1500;-0.1500;nan;nan;0.547032;0.547032;0.000000;1.938008;1.938008;0.000000;nan;nan;3.3871;3.6090;12.6254;31.4688;24.92;24.98;2581.29;0;7;23.36;23.22;0.37;0.36;19.97;4.25;3.72;19.07;47.42;46.91;88.52;84.70;1.21;1.20;74.20;13.68;14.16;69.48;178.10;169.06;224383475
1677112080.000;1;3023782912;0;1;1;0;10;0.00;0.00;0;3.7453;2.5000;1.0000;-1.0000;0.1500;-0.1500;nan;nan;0.603991;0.603991;0.000000;2.233804;2.233804;0.000000;nan;nan;3.5972;3.7452;31.1252;51.9307;24.94;25.03;2806.50;0;7;23.36;23.22;0.37;0.36;20.61;4.28;3.72;19.07;48.06;46.95;88.52;84.70;1.21;1.20;76.57;13.82;14.16;69.48;180.47;169.19;224836043
1677117014.000;1;3025055744;0;1;1;0;10;0.00;0.00;0;3.9393;2.5000;1.0000;-1.0000;0.1500;-0.1500;nan;nan;0.566077;0.566077;-0.000000;2.197049;2.197049;-0.000000;nan;nan;3.7315;3.9341;49.5156;69.0150;24.92;24.96;2657.70;0;7;23.36;23.22;0.37;0.36;21.22;4.32;3.72;19.07;48.66;46.99;88.52;84.70;1.21;1.20;78.92;13.96;14.16;69.48;182.81;169.34;225306650
1677121713.000;1;3026266624;0;1;1;0;10;0.00;0.00;0;4.0923;2.5000;1.0000;-1.0000;0.1500;-0.1500;nan;nan;0.494331;0.494331;0.000000;2.001651;2.001651;0.000000;nan;nan;3.9307;4.0859;69.6542;86.6823;24.92;24.92;2842.80;0;7;23.36;23.22;0.37;0.36;21.75;4.36;3.72;19.07;49.20;47.03;88.52;84.70;1.21;1.20;81.07;14.11;14.16;69.48;184.97;169.49;225754909
1677152690.000;1;3034207232;0;1;1;0;10;0.00;0.00;0;4.0923;2.5000;1.0000;-1.0000;0.1500;-0.1500;nan;nan;0.008992;0.008992;0.000000;0.036797;0.036797;0.000000;nan;nan;4.0777;4.0849;86.2853;86.5951;1.33;1.36;184.50;0;7;23.36;23.22;0.37;0.36;21.79;4.40;3.73;19.07;49.24;47.06;88.52;84.70;1.21;1.20;81.22;14.26;14.20;69.48;185.16;169.64;228709154
1677160906.000;1;3036322304;0;0;1;0;10;0.00;0.00;0;4.2000;3.9279;1.0000;-1.0000;0.1500;-0.1500;nan;nan;-0.404822;0.000000;-0.404822;-1.598424;0.000000;-1.598424;nan;nan;4.0786;3.9419;86.6533;72.6317;1.52;1.44;2597.79;0;7;23.36;23.22;0.37;0.36;21.79;4.40;3.77;19.52;49.29;47.51;88.52;84.70;1.21;1.20;81.22;14.26;14.39;71.26;185.35;171.42;229492698
1677165986.000;1;3037632000;0;0;1;0;10;0.00;0.00;0;4.2000;3.7271;1.0000;-1.0000;0.1500;-0.1500;nan;nan;-0.566231;0.000000;-0.566231;-2.134369;0.000000;-2.134369;nan;nan;3.9465;3.7384;71.5106;51.8983;1.52;1.52;3002.20;0;7;23.36;23.22;0.37;0.36;21.79;4.40;3.81;20.12;49.33;48.11;88.52;84.70;1.21;1.20;81.22;14.26;14.54;73.54;185.50;173.70;229977187
1677172597.000;1;3039334912;0;0;1;0;10;0.00;0.00;0;4.2000;3.5676;1.0000;-1.0000;0.1500;-0.1500;nan;nan;-0.618007;0.000000;-0.618007;-2.218721;0.000000;-2.218721;nan;nan;3.7452;3.5677;50.9261;29.5204;1.43;1.48;4042.61;0;7;23.36;23.22;0.37;0.36;21.79;4.40;3.85;20.78;49.36;48.77;88.52;84.70;1.21;1.20;81.22;14.26;14.68;75.90;185.64;176.06;230607686
1677177101.000;1;3040498176;0;0;1;0;10;0.00;0.00;0;4.2000;3.2491;1.0000;-1.0000;0.1500;-0.1500;nan;nan;-0.595933;0.000000;-0.595933;-2.012388;0.000000;-2.012388;nan;nan;3.5902;3.2492;30.2476;9.6065;1.53;1.71;2627.50;0;7;23.36;23.22;0.37;0.36;21.79;4.40;3.89;21.41;49.40;49.40;88.52;84.70;1.21;1.20;81.22;14.26;14.82;78.05;185.78;178.21;231037267
1677178857.000;1;3040953856;0;1;1;0;10;0.00;0.00;0;3.3050;2.5000;1.0000;-1.0000;0.1500;-0.1500;nan;nan;0.001099;0.001099;0.000000;0.003632;0.003632;0.000000;nan;nan;3.2926;3.3049;8.7067;8.7445;1.77;1.75;29.80;0;7;23.36;23.22;0.37;0.36;21.80;4.41;3.91;21.44;49.44;49.44;88.52;84.70;1.21;1.20;81.26;14.30;14.91;78.13;185.90;178.33;231204595
1678892918.000;1;3480624640;0;0;1;0;10;0.00;0.00;0;4.2000;2.6000;1.0000;-1.0000;0.1500;-0.1500;nan;nan;-0.261865;0.000000;-0.261865;-0.779913;0.000000;-0.779913;nan;nan;3.2873;2.6001;8.4400;-0.6302;24.86;25.68;1069.40;0;8;23.36;23.22;0.42;0.42;21.80;4.68;3.91;21.44;49.50;49.76;88.52;84.70;1.40;1.40;81.26;15.08;14.91;78.13;186.10;179.30;394675850
1678893350.000;1;3480736256;0;0;1;0;10;0.00;0.00;0;4.2000;2.5000;1.0000;-1.0000;0.1500;-0.1500;nan;nan;-0.013553;0.000000;-0.013553;-0.034237;0.000000;-0.034237;nan;nan;2.7005;2.5149;0.6413;0.1719;25.24;25.26;132.39;0;8;23.36;23.22;0.42;0.42;21.80;4.69;3.91;21.44;49.50;49.77;88.52;84.70;1.40;1.40;81.26;15.11;14.91;78.13;186.10;179.33;394717086
1678904794.000;1;3483670528;2;1;1;0;10;0.00;0.00;0;4.2000;2.5000;1.0000;-1.0000;0.1500;-0.1500;2.893712;92.914122;2.869614;2.869614;0.000000;10.886769;10.886769;0.000000;nan;nan;2.6033;4.1863;0.3308;99.4980;25.08;24.97;10846.40;0;8;26.23;23.22;0.42;0.42;21.80;4.69;3.91;21.44;52.37;49.77;99.41;84.70;1.40;1.40;81.26;15.11;14.91;78.13;196.98;179.33;395808696
1678915493.000;1;3486416384;2;0;1;0;10;0.00;0.00;0;4.2000;2.5000;1.0000;-1.0000;0.1500;-0.1500;2.877668;91.844511;-2.851324;0.000000;-2.851324;-10.427905;0.000000;-10.427905;99.362630;95.785123;4.1863;2.6292;99.4980;0.4135;24.97;25.26;10398.30;0;8;26.23;26.08;0.42;0.42;21.80;4.69;3.91;21.44;52.37;52.62;99.41;95.12;1.40;1.40;81.26;15.11;14.91;78.13;196.98;189.76;396828969
1678916827.000;1;3486759936;0;1;1;0;10;0.00;0.00;0;3.4109;2.5000;1.0000;-1.0000;0.1500;-0.1500;nan;nan;0.267964;0.267964;-0.000000;0.879651;0.879651;-0.000000;nan;nan;2.6292;3.4064;0.4135;9.6737;25.26;25.04;1333.31;0;8;26.23;26.08;0.42;0.42;22.07;4.69;3.91;21.44;52.64;52.62;99.41;95.12;1.40;1.40;82.14;15.11;14.91;78.13;197.86;189.76;396956120
1678921426.000;1;3487943680;0;1;1;0;10;0.00;0.00;0;3.6091;2.5000;1.0000;-1.0000;0.1500;-0.1500;nan;nan;0.543658;0.543658;0.000000;1.926159;1.926159;0.000000;nan;nan;3.3885;3.6090;12.7034;31.4910;24.90;24.94;2568.91;0;8;26.23;26.08;0.42;0.42;22.65;4.73;3.91;21.44;53.22;52.66;99.41;95.12;1.40;1.40;84.20;15.24;14.91;78.13;199.92;189.89;397394758
1678926088.000;1;3489145856;0;1;1;0;10;0.00;0.00;0;3.7453;2.5000;1.0000;-1.0000;0.1500;-0.1500;nan;nan;0.602091;0.602091;-0.000000;2.226843;2.226843;-0.000000;nan;nan;3.5975;3.7452;31.1618;51.9687;24.92;25.04;2800.51;0;8;26.23;26.08;0.42;0.42;23.29;4.77;3.91;21.44;53.86;52.70;99.41;95.12;1.40;1.40;86.57;15.38;14.91;78.13;202.29;190.03;397839518
1678930615.000;1;3490312192;0;1;1;0;10;0.00;0.00;0;3.9393;2.5000;1.0000;-1.0000;0.1500;-0.1500;nan;nan;0.565621;0.565621;0.000000;2.195291;2.195291;0.000000;nan;nan;3.7318;3.9344;49.5414;69.0880;24.90;24.97;2661.19;0;8;26.23;26.08;0.42;0.42;23.89;4.81;3.91;21.44;54.46;52.74;99.41;95.12;1.40;1.40;88.91;15.52;14.91;78.13;204.63;190.17;398271177
1678935364.000;1;3491535872;0;1;1;0;10;0.00;0.00;0;4.0923;2.5000;1.0000;-1.0000;0.1500;-0.1500;nan;nan;0.493201;0.493201;-0.000000;1.997070;1.997070;-0.000000;nan;nan;3.9307;4.0860;69.6631;86.7069;24.89;24.89;2838.00;0;8;26.23;26.08;0.42;0.42;24.43;4.84;3.91;21.44;55.00;52.78;99.41;95.12;1.40;1.40;91.06;15.67;14.91;78.13;206.78;190.32;398724117
1678965251.000;1;3499195904;0;1;1;0;10;0.00;0.00;0;4.0923;2.5000;1.0000;-1.0000;0.1500;-0.1500;nan;nan;0.008721;0.008721;0.000000;0.035687;0.035687;0.000000;nan;nan;4.0778;4.0850;86.3166;86.6180;1.52;1.57;177.41;0;8;26.23;26.08;0.42;0.42;24.46;4.88;3.92;21.44;55.04;52.82;99.41;95.12;1.40;1.40;91.22;15.83;14.94;78.13;206.98;190.48;401574514
1678972105.000;1;3500960768;0;0;1;0;10;0.00;0.00;0;4.2000;3.9279;1.0000;-1.0000;0.1500;-0.1500;nan;nan;-0.404879;0.000000;-0.404879;-1.598738;0.000000;-1.598738;nan;nan;4.0788;3.9419;86.7031;72.6334;1.64;1.45;2599.00;0;8;26.23;26.08;0.42;0.42;24.46;4.88;3.96;21.88;55.08;53.26;99.41;95.12;1.40;1.40;91.22;15.83;15.10;79.88;207.13;192.23;402228095
1678977170.000;1;3502264832;0;0;1;0;10;0.00;0.00;0;4.2000;3.7271;1.0000;-1.0000;0.1500;-0.1500;nan;nan;-0.565344;0.000000;-0.565344;-2.131061;0.000000;-2.131061;nan;nan;3.9464;3.7382;71.5022;51.8563;1.51;1.47;2981.40;0;8;26.23;26.08;0.42;0.42;24.46;4.88;4.00;22.49;55.12;53.87;99.41;95.12;1.40;1.40;91.22;15.83;15.27;82.18;207.30;194.53;402711097
1678983416.000;1;3503873024;0;0;1;0;10;0.00;0.00;0;4.2000;3.5676;1.0000;-1.0000;0.1500;-0.1500;nan;nan;-0.618187;0.000000;-0.618187;-2.219509;0.000000;-2.219509;nan;nan;3.7450;3.5677;50.9016;29.4194;1.53;1.53;4050.61;0;8;26.23;26.08;0.42;0.42;24.46;4.88;4.04;23.14;55.16;54.53;99.41;95.12;1.40;1.40;91.22;15.83;15.41;84.54;207.44;196.88;403306757
1678987963.000;1;3505044992;0;0;1;0;10;0.00;0.00;0;4.2000;3.2491;1.0000;-1.0000;0.1500;-0.1500;nan;nan;-0.593107;0.000000;-0.593107;-2.002986;0.000000;-2.002986;nan;nan;3.5902;3.2492;30.2472;9.6365;1.59;1.88;2608.10;0;8;26.23;26.08;0.42;0.42;24.46;4.88;4.08;23.78;55.20;55.16;99.41;95.12;1.40;1.40;91.22;15.83;15.55;86.67;207.58;199.02;403740457
1678989508.000;1;3505444864;0;1;1;0;10;0.00;0.00;0;3.3050;2.5000;1.0000;-1.0000;0.1500;-0.1500;nan;nan;0.001502;0.001502;0.000000;0.004963;0.004963;0.000000;nan;nan;3.2899;3.3049;8.6030;8.6549;1.71;1.69;36.30;0;8;26.23;26.08;0.42;0.42;24.48;4.89;4.10;23.80;55.24;55.19;99.41;95.12;1.40;1.40;91.26;15.86;15.64;86.76;207.71;199.14;403887839
1680707847.000;1;3946091520;0;0;1;0;10;0.00;0.00;0;4.2000;2.6000;1.0000;-1.0000;0.1500;-0.1500;nan;nan;-0.256032;0.000000;-0.256032;-0.762953;0.000000;-0.762954;nan;nan;3.2865;2.6001;8.4106;-0.4866;24.86;25.71;1044.30;0;9;26.23;26.08;0.48;0.48;24.48;5.15;4.10;23.80;55.30;55.51;99.41;95.12;1.59;1.58;91.26;16.62;15.64;86.76;207.90;200.08;567766974
1680708277.000;1;3946203136;0;0;1;0;10;0.00;0.00;0;4.2000;2.5000;1.0000;-1.0000;0.1500;-0.1500;nan;nan;-0.013421;0.000000;-0.013421;-0.033920;0.000000;-0.033920;nan;nan;2.7018;2.5155;0.6455;0.1791;25.29;25.30;130.00;0;9;26.23;26.08;0.48;0.48;24.48;5.16;4.10;23.80;55.30;55.52;99.41;95.12;1.59;1.58;91.26;16.66;15.64;86.76;207.90;200.12;567807982
1680719692.000;1;3949130240;2;1;1;0;10;0.00;0.00;0;4.2000;2.5000;1.0000;-1.0000;0.1500;-0.1500;2.884277;92.285109;2.860244;2.860244;-0.000000;10.853909;10.853909;-0.000000;nan;nan;2.6042;4.1864;0.3333;99.5001;25.13;25.02;10814.90;0;9;29.09;26.08;0.48;0.48;24.48;5.16;4.10;23.80;58.16;55.52;110.26;95.12;1.59;1.58;91.26;16.66;15.64;86.76;218.75;200.12;568896588
1680730357.000;1;3951868928;2;0;1;0;10;0.00;0.00;0;4.2000;2.5000;1.0000;-1.0000;0.1500;-0.1500;2.868131;91.208726;-2.841805;0.000000;-2.841805;-10.398582;0.000000;-10.398582;99.355340;95.804948;4.1864;2.6306;99.5001;0.4180;25.02;25.28;10364.69;0;9;29.09;28.92;0.48;0.48;24.48;5.16;4.10;23.80;58.16;58.36;110.26;105.52;1.59;1.58;91.26;16.66;15.64;86.76;218.75;210.52;569913658
1680731671.000;1;3952207872;0;1;1;0;10;0.00;0.00;0;3.4109;2.5000;1.0000;-1.0000;0.1500;-0.1500;nan;nan;0.264066;0.264066;-0.000000;0.866720;0.866720;-0.000000;nan;nan;2.6306;3.4054;0.4180;9.5734;25.28;25.07;1314.89;0;9;29.09;28.92;0.48;0.48;24.74;5.16;4.10;23.80;58.42;58.36;110.26;105.52;1.59;1.58;92.12;16.66;15.64;86.76;219.62;210.52;570039054
1680736563.000;1;3953469440;0;1;1;0;10;0.00;0.00;0;3.6091;2.5000;1.0000;-1.0000;0.1500;-0.1500;nan;nan;0.540376;0.540376;-0.000000;1.914572;1.914572;-0.000000;nan;nan;3.3879;3.6090;12.6694;31.4047;24.92;24.96;2545.90;0;9;29.09;28.92;0.48;0.48;25.32;5.20;4.10;23.80;59.00;58.40;110.26;105.52;1.59;1.58;94.17;16.78;15.64;86.76;221.66;210.64;570505590
1680741256.000;1;3954679808;0;1;1;0;10;0.00;0.00;0;3.7453;2.5000;1.0000;-1.0000;0.1500;-0.1500;nan;nan;0.601606;0.601606;0.000000;2.225028;2.225028;0.000000;nan;nan;3.5973;3.7451;31.1433;52.0014;24.93;25.02;2798.29;0;9;29.09;28.92;0.48;0.48;25.96;5.24;4.10;23.80;59.64;58.44;110.26;105.52;1.59;1.58;96.53;16.92;15.64;86.76;224.03;210.78;570953248
1680745915.000;1;3955881472;0;1;1;0;10;0.00;0.00;0;3.9393;2.5000;1.0000;-1.0000;0.1500;-0.1500;nan;nan;0.565112;0.565112;0.000000;2.193305;2.193305;0.000000;nan;nan;3.7318;3.9346;49.5408;69.1336;24.90;24.96;2660.80;0;9;29.09;28.92;0.48;0.48;26.56;5.28;4.10;23.80;60.24;58.48;110.26;105.52;1.59;1.58;98.87;17.06;15.64;86.76;226.37;210.92;571397493
1680751253.000;1;3957256704;0;1;1;0;10;0.00;0.00;0;4.0923;2.5000;1.0000;-1.0000;0.1500;-0.1500;nan;nan;0.493077;0.493077;0.000000;1.996523;1.996523;0.000000;nan;nan;3.9304;4.0860;69.6169;86.7122;24.89;24.90;2838.20;0;9;29.09;28.92;0.48;0.48;27.10;5.32;4.10;23.80;60.78;58.52;110.26;105.52;1.59;1.58;101.03;17.22;15.64;86.76;228.52;211.08;571906638
1680791928.000;1;3967680000;0;1;1;0;10;0.00;0.00;0;4.0923;2.5000;1.0000;-1.0000;0.1500;-0.1500;nan;nan;0.009408;0.009408;0.000000;0.038500;0.038500;0.000000;nan;nan;4.0774;4.0848;86.2110;86.5372;1.49;1.50;192.40;0;9;29.09;28.92;0.48;0.48;27.13;5.36;4.11;23.80;60.82;58.56;110.26;105.52;1.59;1.58;101.19;17.37;15.68;86.76;228.72;211.23;575785765
1680798772.000;1;3969443328;0;0;1;0;10;0.00;0.00;0;4.2000;3.9279;1.0000;-1.0000;0.1500;-0.1500;nan;nan;-0.403242;0.000000;-0.403242;-1.592014;0.000000;-1.592014;nan;nan;4.0786;3.9418;86.6531;72.5937;1.54;1.58;2589.79;0;9;29.09;28.92;0.48;0.48;27.13;5.36;4.15;24.24;60.86;59.00;110.26;105.52;1.59;1.58;101.19;17.37;15.83;88.50;228.87;212.98;576438555
1680803870.000;1;3970758144;0;0;1;0;10;0.00;0.00;0;4.2000;3.7271;1.0000;-1.0000;0.1500;-0.1500;nan;nan;-0.565335;0.000000;-0.565335;-2.131090;0.000000;-2.131090;nan;nan;3.9464;3.7379;71.4980;51.7871;1.57;1.60;2983.29;0;9;29.09;28.92;0.48;0.48;27.13;5.36;4.19;24.85;60.90;59.60;110.26;105.52;1.59;1.58;101.19;17.37;15.98;90.78;229.02;215.25;576924713
1680810090.000;1;3972360704;0;0;1;0;10;0.00;0.00;0;4.2000;3.5676;1.0000;-1.0000;0.1500;-0.1500;nan;nan;-0.616287;0.000000;-0.616287;-2.212656;0.000000;-2.212656;nan;nan;3.7448;3.5677;50.8820;29.3946;1.56;1.59;4022.20;0;9;29.09;28.92;0.48;0.48;27.13;5.36;4.23;25.50;60.94;60.26;110.26;105.52;1.59;1.58;101.19;17.37;16.12;93.13;229.16;217.60;577517961
1680814473.000;1;3973491712;0;0;1;0;10;0.00;0.00;0;4.2000;3.2491;1.0000;-1.0000;0.1500;-0.1500;nan;nan;-0.590368;0.000000;-0.590368;-1.993960;0.000000;-1.993960;nan;nan;3.5897;3.2492;30.1826;9.5989;1.65;1.89;2592.50;0;9;29.09;28.92;0.48;0.48;27.13;5.36;4.26;26.13;60.97;60.88;110.26;105.52;1.59;1.58;101.19;17.37;16.25;95.25;229.30;219.73;577935967
1680816439.000;1;3974000128;0;1;1;0;10;0.00;0.00;0;3.3050;2.5000;1.0000;-1.0000;0.1500;-0.1500;nan;nan;0.000967;0.000967;0.000000;0.003198;0.003198;0.000000;nan;nan;3.2937;3.3049;8.7494;8.7830;1.86;1.85;27.50;0;9;29.09;28.92;0.48;0.48;27.14;5.37;4.29;26.15;61.01;60.92;110.26;105.52;1.59;1.58;101.22;17.41;16.34;95.33;229.42;219.85;578123489
1682521146.000;1;4411158528;0;0;1;0;10;0.00;0.00;0;4.2000;2.6000;1.0000;-1.0000;0.1500;-0.1500;nan;nan;-0.251486;0.000000;-0.251486;-0.749828;0.000000;-0.749828;nan;nan;3.2869;2.6001;8.4274;-0.3409;24.81;25.69;1025.30;0;10;29.09;28.92;0.54;0.54;27.14;5.62;4.29;26.15;61.07;61.23;110.26;105.52;1.78;1.77;101.22;18.16;16.34;95.33;229.61;220.78;740702336
1682521572.000;1;4411269120;0;0;1;0;10;0.00;0.00;0;4.2000;2.5000;1.0000;-1.0000;0.1500;-0.1500;nan;nan;-0.013238;0.000000;-0.013238;-0.033472;0.000000;-0.033472;nan;nan;2.7025;2.5161;0.6478;0.1862;25.22;25.24;126.91;0;10;29.09;28.92;0.54;0.54;27.14;5.63;4.29;26.15;61.07;61.24;110.26;105.52;1.78;1.77;101.22;18.19;16.34;95.33;229.61;220.82;740743038
1682532957.000;1;4414187520;2;1;1;0;10;0.00;0.00;0;4.2000;2.5000;1.0000;-1.0000;0.1500;-0.1500;2.876250;91.750002;2.852169;2.852169;-0.000000;10.826198;10.826198;-0.000000;nan;nan;2.6050;4.1864;0.3362;99.4989;25.04;24.92;10785.40;0;10;31.95;28.92;0.54;0.54;27.14;5.63;4.29;26.15;63.92;61.24;121.09;105.52;1.78;1.77;101.22;18.19;16.34;95.33;240.44;220.82;741828832
1682543590.000;1;4416918016;2;0;1;0;10;0.00;0.00;0;4.2000;2.5000;1.0000;-1.0000;0.1500;-0.1500;2.860309;90.687293;-2.833904;0.000000;-2.833904;-10.373758;0.000000;-10.373758;99.359608;95.820886;4.1864;2.6319;99.4989;0.4221;24.92;25.26;10332.10;0;10;31.95;31.75;0.54;0.54;27.14;5.63;4.29;26.15;63.92;64.08;121.09;115.90;1.78;1.77;101.22;18.19;16.34;95.33;240.44;231.19;742842803
1682544883.000;1;4417251328;0;1;1;0;10;0.00;0.00;0;3.4109;2.5000;1.0000;-1.0000;0.1500;-0.1500;nan;nan;0.260291;0.260291;-0.000000;0.854200;0.854200;-0.000000;nan;nan;2.6319;3.4044;0.4221;9.4718;25.26;25.04;1294.00;0;10;31.95;31.75;0.54;0.54;27.41;5.63;4.29;26.15;64.18;64.08;121.09;115.90;1.78;1.77;102.08;18.19;16.34;95.33;241.29;231.19;742966197
1682549626.000;1;4418472448;0;1;1;0;10;0.00;0.00;0;3.6091;2.5000;1.0000;-1.0000;0.1500;-0.1500;nan;nan;0.537989;0.537989;-0.000000;1.906174;1.906174;-0.000000;nan;nan;3.3883;3.6090;12.6887;31.3933;24.92;24.94;2535.70;0;10;31.95;31.75;0.54;0.54;27.98;5.67;4.29;26.15;64.76;64.11;121.09;115.90;1.78;1.77;104.11;18.32;16.34;95.33;243.33;231.32;743418584
1682554279.000;1;4419671552;0;1;1;0;10;0.00;0.00;0;3.7453;2.5000;1.0000;-1.0000;0.1500;-0.1500;nan;nan;0.600018;0.600018;0.000000;2.219173;2.219173;0.000000;nan;nan;3.5974;3.7452;31.1551;52.0162;24.90;25.01;2787.10;0;10;31.95;31.75;0.54;0.54;28.62;5.71;4.29;26.15;65.40;64.15;121.09;115.90;1.78;1.77;106.47;18.45;16.34;95.33;245.69;231.45;743862291
1682559111.000;1;4420916736;0;1;1;0;10;0.00;0.00;0;3.9393;2.5000;1.0000;-1.0000;0.1500;-0.1500;nan;nan;0.565095;0.565095;0.000000;2.193170;2.193170;0.000000;nan;nan;3.7316;3.9347;49.5225;69.1695;24.90;24.95;2653.11;0;10;31.95;31.75;0.54;0.54;29.22;5.75;4.29;26.15;66.00;64.19;121.09;115.90;1.78;1.77;108.81;18.59;16.34;95.33;248.02;231.59;744323158
1682563936.000;1;4422157824;0;1;1;0;10;0.00;0.00;0;4.0923;2.5000;1.0000;-1.0000;0.1500;-0.1500;nan;nan;0.492615;0.492615;-0.000000;1.994651;1.994651;-0.000000;nan;nan;3.9306;4.0861;69.6467;86.7737;24.89;24.92;2832.80;0;10;31.95;31.75;0.54;0.54;29.75;5.79;4.29;26.15;66.53;64.23;121.09;115.90;1.78;1.77;110.96;18.74;16.34;95.33;250.17;231.74;744783411
1682619000.000;1;4435745792;0;1;1;0;10;0.00;0.00;0;4.0923;2.5000;1.0000;-1.0000;0.1500;-0.1500;nan;nan;0.008608;0.008608;0.000000;0.035227;0.035227;0.000000;nan;nan;4.0776;4.0849;86.2452;86.5445;1.29;1.29;175.70;0;10;31.95;31.75;0.54;0.54;29.79;5.83;4.30;26.15;66.58;64.27;121.09;115.90;1.78;1.77;111.11;18.89;16.38;95.33;250.36;231.89;750034792
1682625654.000;1;4437458944;0;0;1;0;10;0.00;0.00;0;4.2000;3.9279;1.0000;-1.0000;0.1500;-0.1500;nan;nan;-0.404945;0.000000;-0.404945;-1.598925;0.000000;-1.598925;nan;nan;4.0788;3.9415;86.6968;72.5394;1.67;1.66;2601.80;0;10;31.95;31.75;0.54;0.54;29.79;5.83;4.33;26.60;66.61;64.71;121.09;115.90;1.78;1.77;111.11;18.89;16.53;97.08;250.51;233.64;750669457
1682630493.000;1;4438705152;0;0;1;0;10;0.00;0.00;0;4.2000;3.7271;1.0000;-1.0000;0.1500;-0.1500;nan;nan;-0.564303;0.000000;-0.564303;-2.127460;0.000000;-2.127460;nan;nan;3.9459;3.7376;71.4480;51.7193;1.72;1.68;2971.00;0;10;31.95;31.75;0.54;0.54;29.79;5.83;4.37;27.20;66.65;65.31;121.09;115.90;1.78;1.77;111.11;18.89;16.68;99.35;250.66;235.91;751130921
1682636871.000;1;4440347136;0;0;1;0;10;0.00;0.00;0;4.2000;3.5676;1.0000;-1.0000;0.1500;-0.1500;nan;nan;-0.616456;0.000000;-0.616456;-2.213501;0.000000;-2.213501;nan;nan;3.7448;3.5677;50.8880;29.3360;1.70;1.60;4024.30;0;10;31.95;31.75;0.54;0.54;29.79;5.83;4.41;27.85;66.69;65.97;121.09;115.90;1.78;1.77;111.11;18.89;16.82;101.71;250.80;238.27;751739176
1682641274.000;1;4441482240;0;0;1;0;10;0.00;0.00;0;4.2000;3.2491;1.0000;-1.0000;0.1500;-0.1500;nan;nan;-0.587497;0.000000;-0.587497;-1.984904;0.000000;-1.984904;nan;nan;3.5897;3.2492;30.1840;9.6444;1.83;2.08;2567.61;0;10;31.95;31.75;0.54;0.54;29.79;5.83;4.45;28.48;66.72;66.59;121.09;115.90;1.78;1.77;111.11;18.89;16.96;103.82;250.94;240.38;752159031
1682642838.000;1;4441887232;0;1;1;0;10;0.00;0.00;0;3.3050;2.5000;1.0000;-1.0000;0.1500;-0.1500;nan;nan;0.001440;0.001440;-0.000000;0.004758;0.004758;-0.000000;nan;nan;3.2906;3.3049;8.6267;8.6767;1.97;1.95;35.20;0;10;31.95;31.75;0.54;0.54;29.80;5.84;4.47;28.50;66.76;66.63;121.09;115.90;1.78;1.77;111.14;18.93;17.05;103.90;251.07;240.50;752308319
1684336127.000;1;4876119552;0;0;1;0;10;0.00;0.00;0;4.2000;2.6000;1.0000;-1.0000;0.1500;-0.1500;nan;nan;-0.246751;0.000000;-0.246751;-0.735948;0.000000;-0.735948;nan;nan;3.2870;2.6001;8.4292;-0.1975;24.78;25.59;1006.51;0;11;31.95;31.75;0.60;0.59;29.80;6.08;4.47;28.50;66.82;66.93;121.09;115.90;1.98;1.96;111.14;19.66;17.05;103.90;251.26;241.43;913798266
1684336553.000;1;4876229632;0;0;1;0;10;0.00;0.00;0;4.2000;2.5000;1.0000;-1.0000;0.1500;-0.1500;nan;nan;-0.013102;0.000000;-0.013102;-0.033140;0.000000;-0.033140;nan;nan;2.7033;2.5165;0.6502;0.1922;25.18;25.19;125.10;0;11;31.95;31.75;0.60;0.59;29.80;6.10;4.47;28.50;66.82;66.95;121.09;115.90;1.98;1.96;111.14;19.70;17.05;103.90;251.26;241.46;913838806
1684347903.000;1;4879139328;2;1;1;0;10;0.00;0.00;0;4.2000;2.5000;1.0000;-1.0000;0.1500;-0.1500;2.867625;91.175002;2.843471;2.843471;0.000000;10.795428;10.795428;0.000000;nan;nan;2.6056;4.1863;0.3381;99.4958;25.01;24.92;10751.40;0;11;34.79;31.75;0.60;0.59;29.80;6.10;4.47;28.50;69.66;66.95;131.88;115.90;1.98;1.96;111.14;19.70;17.05;103.90;262.05;241.46;914921358
1684358504.000;1;4881859072;2;0;1;0;10;0.00;0.00;0;4.2000;2.5000;1.0000;-1.0000;0.1500;-0.1500;2.851760;90.117359;-2.825225;0.000000;-2.825225;-10.346048;0.000000;-10.346048;99.358338;95.837313;4.1863;2.6332;99.4958;0.4263;24.92;25.24;10300.91;0;11;34.79;34.58;0.60;0.59;29.80;6.10;4.47;28.50;69.66;69.77;131.88;126.24;1.98;1.96;111.14;19.70;17.05;103.90;262.05;251.80;915932345
1684359782.000;1;4882187264;0;1;1;0;10;0.00;0.00;0;3.4109;2.5000;1.0000;-1.0000;0.1500;-0.1500;nan;nan;0.256818;0.256818;0.000000;0.842697;0.842697;0.000000;nan;nan;2.6332;3.4036;0.4263;9.3820;25.24;25.03;1277.99;0;11;34.79;34.58;0.60;0.59;30.06;6.10;4.47;28.50;69.92;69.77;131.88;126.24;1.98;1.96;111.99;19.70;17.05;103.90;262.90;251.80;916054223
1684364171.000;1;4883315712;0;1;1;0;10;0.00;0.00;0;3.6091;2.5000;1.0000;-1.0000;0.1500;-0.1500;nan;nan;0.535102;0.535102;0.000000;1.895970;1.895970;0.000000;nan;nan;3.3889;3.6090;12.7233;31.3834;24.90;24.96;2511.90;0;11;34.79;34.58;0.60;0.59;30.63;6.14;4.47;28.50;70.49;69.81;131.88;126.24;1.98;1.96;114.01;19.82;17.05;103.90;264.92;251.93;916472867
1684368899.000;1;4884533248;0;1;1;0;10;0.00;0.00;0;3.7453;2.5000;1.0000;-1.0000;0.1500;-0.1500;nan;nan;0.599032;0.599032;-0.000000;2.215549;2.215550;-0.000000;nan;nan;3.5974;3.7451;31.1562;52.0457;24.90;25.01;2786.79;0;11;34.79;34.58;0.60;0.59;31.27;6.17;4.47;28.50;71.13;69.85;131.88;126.24;1.98;1.96;116.37;19.96;17.05;103.90;267.28;252.07;916923853
1684373388.000;1;4885688832;0;1;1;0;10;0.00;0.00;0;3.9393;2.5000;1.0000;-1.0000;0.1500;-0.1500;nan;nan;0.564381;0.564381;-0.000000;2.190446;2.190447;-0.000000;nan;nan;3.7319;3.9350;49.5536;69.2348;24.87;24.93;2653.00;0;11;34.79;34.58;0.60;0.59;31.87;6.21;4.47;28.50;71.74;69.89;131.88;126.24;1.98;1.96;118.71;20.10;17.05;103.90;269.62;252.21;917351861
1684378133.000;1;4886909952;0;1;1;0;10;0.00;0.00;0;4.0923;2.5000;1.0000;-1.0000;0.1500;-0.1500;nan;nan;0.492199;0.492199;-0.000000;1.992994;1.992994;-0.000000;nan;nan;3.9307;4.0862;69.6616;86.8255;24.88;24.90;2834.41;0;11;34.79;34.58;0.60;0.59;32.40;6.25;4.47;28.50;72.27;69.93;131.88;126.24;1.98;1.96;120.85;20.25;17.05;103.90;271.76;252.36;917804314
1684490313.000;1;4915643904;0;1;1;0;10;0.00;0.00;0;4.0923;2.5000;1.0000;-1.0000;0.1500;-0.1500;nan;nan;0.009887;0.009887;-0.000000;0.040459;0.040459;-0.000000;nan;nan;4.0769;4.0846;86.0502;86.3950;1.17;1.22;201.69;0;11;34.79;34.58;0.60;0.59;32.44;6.29;4.48;28.50;72.31;69.96;131.88;126.24;1.98;1.96;121.01;20.41;17.09;103.90;271.96;252.52;928503027
1684496959.000;1;4917353472;0;0;1;0;10;0.00;0.00;0;4.2000;3.9279;1.0000;-1.0000;0.1500;-0.1500;nan;nan;-0.399913;0.000000;-0.399913;-1.578656;0.000000;-1.578656;nan;nan;4.0783;3.9415;86.5776;72.5543;1.47;1.43;2575.00;0;11;34.79;34.58;0.60;0.59;32.44;6.29;4.52;28.94;72.35;70.40;131.88;126.24;1.98;1.96;121.01;20.41;17.25;105.64;272.12;254.25;929136911
1684502220.000;1;4918706688;0;0;1;0;10;0.00;0.00;0;4.2000;3.7271;1.0000;-1.0000;0.1500;-0.1500;nan;nan;-0.565003;0.000000;-0.565003;-2.129810;0.000000;-2.129810;nan;nan;3.9467;3.7375;71.5290;51.7165;1.47;1.42;2991.90;0;11;34.79;34.58;0.60;0.59;32.44;6.29;4.56;29.54;72.39;71.01;131.88;126.24;1.98;1.96;121.01;20.41;17.39;107.91;272.27;256.52;929638695
1684508590.000;1;4920345088;0;0;1;0;10;0.00;0.00;0;4.2000;3.5676;1.0000;-1.0000;0.1500;-0.1500;nan;nan;-0.612978;0.000000;-0.612978;-2.200683;0.000000;-2.200683;nan;nan;3.7448;3.5677;50.8898;29.3951;1.44;1.43;4009.70;0;11;34.79;34.58;0.60;0.59;32.44;6.29;4.60;30.20;72.43;71.66;131.88;126.24;1.98;1.96;121.01;20.41;17.54;110.25;272.41;258.87;930246264
1684512985.000;1;4921476608;0;0;1;0;10;0.00;0.00;0;4.2000;3.2491;1.0000;-1.0000;0.1500;-0.1500;nan;nan;-0.584921;0.000000;-0.584921;-1.975787;0.000000;-1.975787;nan;nan;3.5901;3.2492;30.2363;9.7254;1.66;1.75;2560.00;0;11;34.79;34.58;0.60;0.59;32.44;6.29;4.63;30.82;72.47;72.28;131.88;126.24;1.98;1.96;121.01;20.41;17.67;112.36;272.55;260.97;930665357
1684514574.000;1;4921887232;0;1;1;0;10;0.00;0.00;0;3.3050;2.5000;1.0000;-1.0000;0.1500;-0.1500;nan;nan;0.001343;0.001343;0.000000;0.004438;0.004438;0.000000;nan;nan;3.2910;3.3049;8.6450;8.6918;1.69;1.67;33.70;0;11;34.79;34.58;0.60;0.59;32.46;6.30;4.66;30.84;72.50;72.32;131.88;126.24;1.98;1.96;121.05;20.45;17.76;112.45;272.68;261.10;930816915
1686163208.000;1;5344498176;0;0;1;0;10;0.00;0.00;0;4.2000;2.6000;1.0000;-1.0000;0.1500;-0.1500;nan;nan;-0.242350;0.000000;-0.242350;-0.723150;0.000000;-0.723150;nan;nan;3.2858;2.6001;8.3860;-0.1123;24.89;25.66;988.50;0;12;34.79;34.58;0.66;0.65;32.46;6.55;4.66;30.84;72.56;72.62;131.88;126.24;2.17;2.16;121.05;21.17;17.76;112.45;272.87;262.02;1088048122
1686163632.000;1;5344607744;0;0;1;0;10;0.00;0.00;0;4.2000;2.5000;1.0000;-1.0000;0.1500;-0.1500;nan;nan;-0.012994;0.000000;-0.012994;-0.032880;0.000000;-0.032880;nan;nan;2.7040;2.5169;0.6524;0.1967;25.27;25.28;123.30;0;12;34.79;34.58;0.66;0.65;32.46;6.56;4.66;30.84;72.56;72.63;131.88;126.24;2.17;2.16;121.05;21.20;17.76;112.45;272.87;262.05;1088088490
1686174955.000;1;5347510272;2;1;1;0;10;0.00;0.00;0;4.2000;2.5000;1.0000;-1.0000;0.1500;-0.1500;2.859969;90.664577;2.835900;2.835900;0.000000;10.768543;10.768543;0.000000;nan;nan;2.6061;4.1863;0.3396;99.4980;25.11;25.06;10724.30;0;12;37.62;34.58;0.66;0.65;32.46;6.56;4.66;30.84;75.40;72.63;142.65;126.24;2.17;2.16;121.05;21.20;17.76;112.45;283.64;262.05;1089168468
1686185530.000;1;5350221824;2;0;1;0;10;0.00;0.00;0;4.2000;2.5000;1.0000;-1.0000;0.1500;-0.1500;2.844170;89.611340;-2.817679;0.000000;-2.817679;-10.322609;0.000000;-10.322609;99.357498;95.858920;4.1863;2.6342;99.4980;0.4294;25.06;25.34;10274.00;0;12;37.62;37.39;0.66;0.65;32.46;6.56;4.66;30.84;75.40;75.45;142.65;136.56;2.17;2.16;121.05;21.20;17.76;112.45;283.64;272.38;1090176881
1686186789.000;1;5350544896;0;1;1;0;10;0.00;0.00;0;3.4109;2.5000;1.0000;-1.0000;0.1500;-0.1500;nan;nan;0.253700;0.253700;0.000000;0.832296;0.832296;0.000000;nan;nan;2.6342;3.4027;0.4294;9.3001;25.34;25.14;1259.40;0;12;37.62;37.39;0.66;0.65;32.71;6.56;4.66;30.84;75.65;75.45;142.65;136.56;2.17;2.16;121.88;21.20;17.76;112.45;284.47;272.38;1090296985
1686191102.000;1;5351654400;0;1;1;0;10;0.00;0.00;0;3.6091;2.5000;1.0000;-1.0000;0.1500;-0.1500;nan;nan;0.532588;0.532588;0.000000;1.887100;1.887100;0.000000;nan;nan;3.3890;3.6090;12.7296;31.3517;24.98;24.97;2494.70;0;12;37.62;37.39;0.66;0.65;33.28;6.60;4.66;30.84;76.22;75.49;142.65;136.56;2.17;2.16;123.90;21.33;17.76;112.45;286.49;272.50;1090708365
1686195699.000;1;5352838144;0;1;1;0;10;0.00;0.00;0;3.7453;2.5000;1.0000;-1.0000;0.1500;-0.1500;nan;nan;0.597666;0.597666;0.000000;2.210483;2.210483;0.000000;nan;nan;3.5975;3.7451;31.1676;52.0653;24.94;25.13;2774.40;0;12;37.62;37.39;0.66;0.65;33.92;6.63;4.66;30.84;76.86;75.53;142.65;136.56;2.17;2.16;126.25;21.46;17.76;112.45;288.83;272.63;1091146841
1686200369.000;1;5354040320;0;1;1;0;10;0.00;0.00;0;3.9393;2.5000;1.0000;-1.0000;0.1500;-0.1500;nan;nan;0.564366;0.564366;0.000000;2.190306;2.190306;0.000000;nan;nan;3.7316;3.9351;49.5266;69.2599;24.88;25.01;2648.11;0;12;37.62;37.39;0.66;0.65;34.52;6.68;4.66;30.84;77.46;75.57;142.65;136.56;2.17;2.16;128.59;21.61;17.76;112.45;291.18;272.78;1091592125
1686205020.000;1;5355237376;0;1;1;0;10;0.00;0.00;0;4.0923;2.5000;1.0000;-1.0000;0.1500;-0.1500;nan;nan;0.491568;0.491568;-0.000000;1.990399;1.990399;-0.000000;nan;nan;3.9308;4.0862;69.6684;86.8563;24.97;24.91;2822.50;0;12;37.62;37.39;0.66;0.65;35.05;6.71;4.66;30.84;77.99;75.61;142.65;136.56;2.17;2.16;130.73;21.75;17.76;112.45;293.32;272.93;1092035702
1686227804.000;1;5361079296;0;1;1;0;10;0.00;0.00;0;4.0923;2.5000;1.0000;-1.0000;0.1500;-0.1500;nan;nan;0.008084;0.008084;0.000000;0.033084;0.033084;0.000000;nan;nan;4.0781;4.0850;86.3798;86.6625;1.37;1.40;166.60;0;12;37.62;37.39;0.66;0.65;35.09;6.75;4.67;30.84;78.04;75.64;142.65;136.56;2.17;2.16;130.89;21.91;17.80;112.45;293.50;273.08;1094208644
1686234838.000;1;5362888704;0;0;1;0;10;0.00;0.00;0;4.2000;3.9279;1.0000;-1.0000;0.1500;-0.1500;nan;nan;-0.407168;0.000000;-0.407168;-1.607972;0.000000;-1.607972;nan;nan;4.0790;3.9410;86.7587;72.4428;2.02;2.31;2642.20;0;12;37.62;37.39;0.66;0.65;35.09;6.75;4.71;31.29;78.08;76.09;142.65;136.56;2.17;2.16;130.89;21.91;17.95;114.20;293.65;274.84;1094879473
1686239636.000;1;5364123136;0;0;1;0;10;0.00;0.00;0;4.2000;3.7271;1.0000;-1.0000;0.1500;-0.1500;nan;nan;-0.562033;0.000000;-0.562033;-2.118851;0.000000;-2.118851;nan;nan;3.9458;3.7373;71.4327;51.6718;1.87;1.44;2973.50;0;12;37.62;37.39;0.66;0.65;35.09;6.75;4.74;31.89;78.11;76.69;142.65;136.56;2.17;2.16;130.89;21.91;18.09;116.46;293.80;277.10;1095337180
1686246124.000;1;5365791744;0;0;1;0;10;0.00;0.00;0;4.2000;3.5676;1.0000;-1.0000;0.1500;-0.1500;nan;nan;-0.616589;0.000000;-0.616589;-2.213882;0.000000;-2.213882;nan;nan;3.7448;3.5677;50.8845;29.2054;1.57;1.59;4031.29;0;12;37.62;37.39;0.66;0.65;35.09;6.75;4.78;32.54;78.15;77.34;142.65;136.56;2.17;2.16;130.89;21.91;18.23;118.81;293.94;279.45;1095955942
1686250727.000;1;5366977024;0;0;1;0;10;0.00;0.00;0;4.2000;3.2491;1.0000;-1.0000;0.1500;-0.1500;nan;nan;-0.583404;0.000000;-0.583404;-1.971107;0.000000;-1.971107;nan;nan;3.5901;3.2492;30.2427;9.7305;1.67;1.90;2541.90;0;12;37.62;37.39;0.66;0.65;35.09;6.75;4.82;33.16;78.19;77.96;142.65;136.56;2.17;2.16;130.89;21.91;18.38;120.92;294.09;281.56;1096394952
1686252325.000;1;5367389184;0;1;1;0;10;0.00;0.00;0;3.3050;2.5000;1.0000;-1.0000;0.1500;-0.1500;nan;nan;0.001536;0.001536;0.000000;0.005076;0.005076;0.000000;nan;nan;3.2901;3.3049;8.6071;8.6608;1.79;1.77;36.90;0;12;37.62;37.39;0.66;0.65;35.10;6.76;4.85;33.19;78.23;78.00;142.65;136.56;2.17;2.16;130.92;21.94;18.47;121.01;294.21;281.68;1096547168
1687962016.000;1;5805654016;0;0;1;0;10;0.00;0.00;0;4.2000;2.6000;1.0000;-1.0000;0.1500;-0.1500;nan;nan;-0.239249;0.000000;-0.239249;-0.714388;0.000000;-0.714388;nan;nan;3.2869;2.6001;8.4260;0.0141;24.92;25.74;975.29;0;13;37.62;37.39;0.71;0.71;35.10;7.00;4.85;33.19;78.28;78.30;142.65;136.56;2.35;2.35;130.92;22.66;18.47;121.01;294.40;282.58;1259601351
1687962435.000;1;5805762560;0;0;1;0;10;0.00;0.00;0;4.2000;2.5000;1.0000;-1.0000;0.1500;-0.1500;nan;nan;-0.012830;0.000000;-0.012830;-0.032480;0.000000;-0.032480;nan;nan;2.7043;2.5174;0.6534;0.2023;25.37;25.39;120.60;0;13;37.62;37.39;0.71;0.71;35.10;7.01;4.85;33.19;78.28;78.31;142.65;136.56;2.35;2.35;130.92;22.69;18.47;121.01;294.40;282.61;1259641453
1687973736.000;1;5808659968;2;1;1;0;10;0.00;0.00;0;4.2000;2.5000;1.0000;-1.0000;0.1500;-0.1500;2.853055;90.203667;2.828986;2.828986;0.000000;10.744490;10.744490;0.000000;nan;nan;2.6066;4.1863;0.3411;99.4975;25.23;25.05;10700.50;0;13;40.45;37.39;0.71;0.71;35.10;7.01;4.85;33.19;81.11;78.31;153.40;136.56;2.35;2.35;130.92;22.69;18.47;121.01;305.14;282.61;1260719162
1687984281.000;1;5811365376;2;0;1;0;10;0.00;0.00;0;4.2000;2.5000;1.0000;-1.0000;0.1500;-0.1500;2.837403;89.160204;-2.810886;0.000000;-2.810886;-10.301556;0.000000;-10.301556;99.360186;95.877570;4.1863;2.6350;99.4975;0.4321;25.05;25.36;10247.20;0;13;40.45;40.21;0.71;0.71;35.10;7.02;4.85;33.19;81.11;81.12;153.40;146.87;2.35;2.35;130.92;22.69;18.47;121.01;305.14;292.92;1261725019
1687985523.000;1;5811684352;0;1;1;0;10;0.00;0.00;0;3.4109;2.5000;1.0000;-1.0000;0.1500;-0.1500;nan;nan;0.250568;0.250568;0.000000;0.821879;0.821879;0.000000;nan;nan;2.6350;3.4019;0.4321;9.2145;25.36;25.17;1241.20;0;13;40.45;40.21;0.71;0.71;35.35;7.02;4.85;33.19;81.36;81.12;153.40;146.87;2.35;2.35;131.74;22.69;18.47;121.01;305.96;292.92;1261843388
1687990558.000;1;5812978688;0;1;1;0;10;0.00;0.00;0;3.6091;2.5000;1.0000;-1.0000;0.1500;-0.1500;nan;nan;0.530216;0.530216;-0.000000;1.878722;1.878722;-0.000000;nan;nan;3.3880;3.6090;12.6739;31.2580;25.02;25.09;2478.79;0;13;40.45;40.21;0.71;0.71;35.92;7.05;4.85;33.19;81.93;81.16;153.40;146.87;2.35;2.35;133.75;22.81;18.47;121.01;307.97;293.04;1262323425
1687995604.000;1;5814277632;0;1;1;0;10;0.00;0.00;0;3.7453;2.5000;1.0000;-1.0000;0.1500;-0.1500;nan;nan;0.597348;0.597348;-0.000000;2.209258;2.209258;-0.000000;nan;nan;3.5970;3.7452;31.1088;52.0459;25.02;25.13;2772.60;0;13;40.45;40.21;0.71;0.71;36.56;7.10;4.85;33.19;82.57;81.20;153.40;146.87;2.35;2.35;136.12;22.97;18.47;121.01;310.33;293.19;1262804777
1688000071.000;1;5815427584;0;1;1;0;10;0.00;0.00;0;3.9393;2.5000;1.0000;-1.0000;0.1500;-0.1500;nan;nan;0.563610;0.563610;0.000000;2.187325;2.187325;0.000000;nan;nan;3.7320;3.9352;49.5549;69.3096;25.08;25.02;2639.91;0;13;40.45;40.21;0.71;0.71;37.16;7.13;4.85;33.19;83.17;81.24;153.40;146.87;2.35;2.35;138.44;23.10;18.47;121.01;312.66;293.33;1263230802
1688004754.000;1;5816631808;0;1;1;0;10;0.00;0.00;0;4.0923;2.5000;1.0000;-1.0000;0.1500;-0.1500;nan;nan;0.491623;0.491623;-0.000000;1.990599;1.990599;-0.000000;nan;nan;3.9308;4.0863;69.6661;86.8976;25.00;25.07;2823.01;0;13;40.45;40.21;0.71;0.71;37.69;7.17;4.85;33.19;83.70;81.28;153.40;146.87;2.35;2.35;140.58;23.25;18.47;121.01;314.80;293.48;1263677430
1688026044.000;1;5822089728;0;1;1;0;10;0.00;0.00;0;4.0923;2.5000;1.0000;-1.0000;0.1500;-0.1500;nan;nan;0.007730;0.007730;-0.000000;0.031632;0.031632;-0.000000;nan;nan;4.0782;4.0852;86.4162;86.6871;1.43;1.46;158.40;0;13;40.45;40.21;0.71;0.71;37.73;7.22;4.85;33.19;83.75;81.32;153.40;146.87;2.35;2.35;140.76;23.43;18.50;121.01;315.01;293.65;1265707804
1688032910.000;1;5823856128;0;0;1;0;10;0.00;0.00;0;4.2000;3.9279;1.0000;-1.0000;0.1500;-0.1500;nan;nan;-0.405972;0.000000;-0.405972;-1.603083;0.000000;-1.603083;nan;nan;4.0791;3.9411;86.7894;72.4815;1.52;1.53;2592.80;0;13;40.45;40.21;0.71;0.71;37.73;7.22;4.89;33.64;83.79;81.77;153.40;146.87;2.35;2.35;140.76;23.43;18.67;122.77;315.18;295.42;1266362606
1688037852.000;1;5825126912;0;0;1;0;10;0.00;0.00;0;4.2000;3.7271;1.0000;-1.0000;0.1500;-0.1500;nan;nan;-0.562364;0.000000;-0.562364;-2.120129;0.000000;-2.120129;nan;nan;3.9459;3.7371;71.4455;51.6259;1.59;1.47;2968.90;0;13;40.45;40.21;0.71;0.71;37.73;7.22;4.93;34.24;83.83;82.37;153.40;146.87;2.35;2.35;140.76;23.43;18.81;125.04;315.33;297.68;1266834043
1688044304.000;1;5826785792;0;0;1;0;10;0.00;0.00;0;4.2000;3.5676;1.0000;-1.0000;0.1500;-0.1500;nan;nan;-0.616770;0.000000;-0.616770;-2.214517;0.000000;-2.214517;nan;nan;3.7450;3.5677;50.9019;29.1647;1.52;1.40;4024.40;0;13;40.45;40.21;0.71;0.71;37.73;7.22;4.97;34.89;83.87;83.03;153.40;146.87;2.35;2.35;140.76;23.43;18.97;127.40;315.48;300.04;1267449343
1688048669.000;1;5827910144;0;0;1;0;10;0.00;0.00;0;4.2000;3.2491;1.0000;-1.0000;0.1500;-0.1500;nan;nan;-0.581065;0.000000;-0.581065;-1.963313;0.000000;-1.963313;nan;nan;3.5896;3.2492;30.1742;9.6955;1.68;1.85;2527.40;0;13;40.45;40.21;0.71;0.71;37.73;7.22;5.01;35.51;83.91;83.64;153.40;146.87;2.35;2.35;140.76;23.43;19.10;129.49;315.61;302.14;1267865729
1688050481.000;1;5828378112;0;1;1;0;10;0.00;0.00;0;3.3050;2.5000;1.0000;-1.0000;0.1500;-0.1500;nan;nan;0.001289;0.001289;0.000000;0.004259;0.004259;0.000000;nan;nan;3.2916;3.3049;8.6685;8.7137;1.74;1.71;32.80;0;13;40.45;40.21;0.71;0.71;37.75;7.23;5.04;35.54;83.95;83.69;153.40;146.87;2.35;2.35;140.82;23.48;19.19;129.58;315.76;302.27;1268038415
1689777153.000;1;6270996992;0;0;1;0;10;0.00;0.00;0;4.2000;2.6000;1.0000;-1.0000;0.1500;-0.1500;nan;nan;-0.235346;0.000000;-0.235346;-0.702866;0.000000;-0.702866;nan;nan;3.2861;2.6001;8.3950;0.1006;24.90;25.68;959.30;0;14;40.45;40.21;0.77;0.77;37.75;7.47;5.04;35.54;84.01;83.98;153.40;146.87;2.54;2.54;140.82;24.18;19.19;129.58;315.95;303.16;1432712040
1689777571.000;1;6271105024;0;0;1;0;10;0.00;0.00;0;4.2000;2.5000;1.0000;-1.0000;0.1500;-0.1500;nan;nan;-0.012724;0.000000;-0.012724;-0.032220;0.000000;-0.032220;nan;nan;2.7048;2.5177;0.6552;0.2068;25.29;25.30;119.40;0;14;40.45;40.21;0.77;0.77;37.75;7.48;5.04;35.54;84.01;83.99;153.40;146.87;2.54;2.54;140.82;24.21;19.19;129.58;315.95;303.19;1432752028
1689788847.000;1;6273995776;2;1;1;0;10;0.00;0.00;0;4.2000;2.5000;1.0000;-1.0000;0.1500;-0.1500;2.846096;89.739752;2.822052;2.822052;0.000000;10.720311;10.720311;0.000000;nan;nan;2.6069;4.1863;0.3420;99.4972;25.15;24.98;10676.60;0;14;43.28;40.21;0.77;0.77;37.75;7.48;5.04;35.54;86.83;83.99;164.12;146.87;2.54;2.54;140.82;24.21;19.19;129.58;326.67;303.19;1433827448
1689799368.000;1;6276694016;2;0;1;0;10;0.00;0.00;0;4.2000;2.5000;1.0000;-1.0000;0.1500;-0.1500;2.830775;88.718367;-2.804223;0.000000;-2.804223;-10.280130;0.000000;-10.280130;99.368244;95.893955;4.1863;2.6359;99.4972;0.4352;24.98;25.30;10221.70;0;14;43.28;43.01;0.77;0.77;37.75;7.48;5.04;35.54;86.83;86.79;164.12;157.15;2.54;2.54;140.82;24.21;19.19;129.58;326.67;313.47;1434830874
1689800596.000;1;6277009408;0;1;1;0;10;0.00;0.00;0;3.4109;2.5000;1.0000;-1.0000;0.1500;-0.1500;nan;nan;0.247565;0.247565;0.000000;0.811950;0.811950;0.000000;nan;nan;2.6359;3.4012;0.4352;9.1336;25.30;25.07;1228.20;0;14;43.28;43.01;0.77;0.77;37.99;7.48;5.04;35.54;87.08;86.79;164.12;157.15;2.54;2.54;141.63;24.21;19.19;129.58;327.48;313.47;1434948004
1689805065.000;1;6278158848;0;1;1;0;10;0.00;0.00;0;3.6091;2.5000;1.0000;-1.0000;0.1500;-0.1500;nan;nan;0.527761;0.527761;0.000000;1.870129;1.870129;0.000000;nan;nan;3.3893;3.6090;12.7493;31.2926;24.94;25.01;2466.40;0;14;43.28;43.01;0.77;0.77;38.56;7.52;5.04;35.54;87.65;86.84;164.12;157.15;2.54;2.54;143.64;24.35;19.19;129.58;329.49;313.61;1435374057
1689809822.000;1;6279384064;0;1;1;0;10;0.00;0.00;0;3.7453;2.5000;1.0000;-1.0000;0.1500;-0.1500;nan;nan;0.595826;0.595826;0.000000;2.203717;2.203717;0.000000;nan;nan;3.5974;3.7452;31.1518;52.0867;24.95;25.07;2769.19;0;14;43.28;43.01;0.77;0.77;39.20;7.56;5.04;35.54;88.28;86.88;164.12;157.15;2.54;2.54;145.99;24.49;19.19;129.58;331.84;313.75;1435827817
1689814292.000;1;6280534528;0;1;1;0;10;0.00;0.00;0;3.9393;2.5000;1.0000;-1.0000;0.1500;-0.1500;nan;nan;0.563207;0.563207;0.000000;2.185808;2.185808;0.000000;nan;nan;3.7319;3.9353;49.5536;69.3424;24.93;25.02;2640.40;0;14;43.28;43.01;0.77;0.77;39.80;7.60;5.04;35.54;88.88;86.92;164.12;157.15;2.54;2.54;148.32;24.63;19.19;129.58;334.17;313.89;1436254166
1689819093.000;1;6281770496;0;1;1;0;10;0.00;0.00;0;4.0923;2.5000;1.0000;-1.0000;0.1500;-0.1500;nan;nan;0.491562;0.491562;0.000000;1.990391;1.990391;0.000000;nan;nan;3.9307;4.0863;69.6511;86.9225;24.92;24.97;2826.60;0;14;43.28;43.01;0.77;0.77;40.33;7.64;5.04;35.54;89.41;86.95;164.12;157.15;2.54;2.54;150.46;24.78;19.19;129.58;336.31;314.04;1436712025
1689841449.000;1;6286882816;0;1;1;0;10;0.00;0.00;0;4.0923;2.5000;1.0000;-1.0000;0.1500;-0.1500;nan;nan;0.007054;0.007054;-0.000000;0.028867;0.028867;-0.000000;nan;nan;4.0781;4.0851;86.4010;86.6489;0.85;0.86;147.00;0;14;43.28;43.01;0.77;0.77;40.37;7.68;5.04;35.54;89.46;87.00;164.12;157.15;2.54;2.54;150.63;24.95;19.22;129.58;336.51;314.21;1438844112
1689848429.000;1;6288677888;0;0;1;0;10;0.00;0.00;0;4.2000;3.9279;1.0000;-1.0000;0.1500;-0.1500;nan;nan;-0.404188;0.000000;-0.404188;-1.595927;0.000000;-1.595927;nan;nan;4.0788;3.9409;86.7101;72.4318;1.56;1.41;2598.91;0;14;43.28;43.01;0.77;0.77;40.37;7.68;5.08;35.98;89.50;87.44;164.12;157.15;2.54;2.54;150.63;24.95;19.37;131.32;336.66;315.95;1439509726
1689853507.000;1;6289984000;0;0;1;0;10;0.00;0.00;0;4.2000;3.7271;1.0000;-1.0000;0.1500;-0.1500;nan;nan;-0.562882;0.000000;-0.562882;-2.121824;0.000000;-2.121824;nan;nan;3.9463;3.7369;71.4828;51.5984;1.51;1.38;2974.40;0;14;43.28;43.01;0.77;0.77;40.37;7.68;5.12;36.58;89.54;88.04;164.12;157.15;2.54;2.54;150.63;24.95;19.52;133.59;336.81;318.22;1439994062
1689859551.000;1;6291537920;0;0;1;0;10;0.00;0.00;0;4.2000;3.5676;1.0000;-1.0000;0.1500;-0.1500;nan;nan;-0.614063;0.000000;-0.614063;-2.204610;0.000000;-2.204610;nan;nan;3.7445;3.5677;50.8524;29.1600;1.33;1.24;4029.70;0;14;43.28;43.01;0.77;0.77;40.37;7.68;5.16;37.23;89.57;88.69;164.12;157.15;2.54;2.54;150.63;24.95;19.66;135.93;336.95;320.56;1440570530
1689863880.000;1;6292652544;0;0;1;0;10;0.00;0.00;0;4.2000;3.2491;1.0000;-1.0000;0.1500;-0.1500;nan;nan;-0.580915;0.000000;-0.580915;-1.962868;0.000000;-1.962868;nan;nan;3.5901;3.2492;30.2362;9.7148;1.51;1.80;2523.80;0;14;43.28;43.01;0.77;0.77;40.37;7.68;5.19;37.85;89.61;89.31;164.12;157.15;2.54;2.54;150.63;24.95;19.80;138.03;337.09;322.65;1440983359
1689865656.000;1;6293110272;0;1;1;0;10;0.00;0.00;0;3.3050;2.5000;1.0000;-1.0000;0.1500;-0.1500;nan;nan;0.001602;0.001602;0.000000;0.005294;0.005294;0.000000;nan;nan;3.2896;3.3049;8.5892;8.6455;1.64;1.61;37.80;0;14;43.28;43.01;0.77;0.77;40.38;7.69;5.22;37.88;89.65;89.35;164.12;157.15;2.54;2.54;150.67;24.98;19.89;138.11;337.22;322.78;1441152756
1691589192.000;1;6734922752;0;0;1;0;10;0.00;0.00;0;4.2000;2.6000;1.0000;-1.0000;0.1500;-0.1500;nan;nan;-0.232207;0.000000;-0.232207;-0.693765;0.000000;-0.693765;nan;nan;3.2862;2.6001;8.4004;0.1974;24.93;25.66;947.00;0;15;43.28;43.01;0.83;0.83;40.38;7.92;5.22;37.88;89.71;89.64;164.12;157.15;2.73;2.73;150.67;25.67;19.89;138.11;337.40;323.66;1605527507
1691589610.000;1;6735030784;0;0;1;0;10;0.00;0.00;0;4.2000;2.5000;1.0000;-1.0000;0.1500;-0.1500;nan;nan;-0.012567;0.000000;-0.012567;-0.031832;0.000000;-0.031832;nan;nan;2.7051;2.5181;0.6561;0.2121;25.28;25.30;116.91;0;15;43.28;43.01;0.83;0.83;40.38;7.94;5.22;37.88;89.71;89.65;164.12;157.15;2.73;2.73;150.67;25.71;19.89;138.11;337.40;323.69;1605567265
1691600861.000;1;6737914880;2;1;1;0;10;0.00;0.00;0;4.2000;2.5000;1.0000;-1.0000;0.1500;-0.1500;2.839832;89.322138;2.815792;2.815792;0.000000;10.698430;10.698430;0.000000;nan;nan;2.6074;4.1863;0.3438;99.4973;25.13;25.02;10652.20;0;15;46.09;43.01;0.83;0.83;40.38;7.94;5.22;37.88;92.52;89.65;174.82;157.15;2.73;2.73;150.67;25.71;19.89;138.11;348.10;323.69;1606640359
1691611360.000;1;6740606976;2;0;1;0;10;0.00;0.00;0;4.2000;2.5000;1.0000;-1.0000;0.1500;-0.1500;2.824084;88.272285;-2.797549;0.000000;-2.797549;-10.258825;0.000000;-10.258825;99.352133;95.890939;4.1863;2.6365;99.4973;0.4369;25.02;25.31;10197.91;0;15;46.09;45.81;0.83;0.83;40.38;7.94;5.22;37.88;92.52;92.45;174.82;167.40;2.73;2.73;150.67;25.71;19.89;138.11;348.10;333.95;1607641516
1691612574.000;1;6740918784;0;1;1;0;10;0.00;0.00;0;3.4109;2.5000;1.0000;-1.0000;0.1500;-0.1500;nan;nan;0.244983;0.244983;-0.000000;0.803363;0.803363;-0.000000;nan;nan;2.6365;3.4005;0.4369;9.0635;25.31;25.06;1215.21;0;15;46.09;45.81;0.83;0.83;40.63;7.94;5.22;37.88;92.77;92.45;174.82;167.40;2.73;2.73;151.47;25.71;19.89;138.11;348.91;333.95;1607757407
1691616857.000;1;6742020096;0;1;1;0;10;0.00;0.00;0;3.6091;2.5000;1.0000;-1.0000;0.1500;-0.1500;nan;nan;0.526063;0.526063;0.000000;1.864120;1.864120;0.000000;nan;nan;3.3894;3.6090;12.7527;31.2771;24.95;25.03;2454.00;0;15;46.09;45.81;0.83;0.83;41.19;7.97;5.22;37.88;93.33;92.48;174.82;167.40;2.73;2.73;153.47;25.83;19.89;138.11;350.90;334.08;1608165773
1691621493.000;1;6743214080;0;1;1;0;10;0.00;0.00;0;3.7453;2.5000;1.0000;-1.0000;0.1500;-0.1500;nan;nan;0.594384;0.594384;0.000000;2.198436;2.198436;0.000000;nan;nan;3.5976;3.7451;31.1802;52.1105;24.90;25.08;2762.50;0;15;46.09;45.81;0.83;0.83;41.83;8.01;5.22;37.88;93.96;92.52;174.82;167.40;2.73;2.73;155.81;25.97;19.89;138.11;353.24;334.21;1608608006
1691626080.000;1;6744394752;0;1;1;0;10;0.00;0.00;0;3.9393;2.5000;1.0000;-1.0000;0.1500;-0.1500;nan;nan;0.562966;0.562966;-0.000000;2.184889;2.184889;-0.000000;nan;nan;3.7319;3.9355;49.5522;69.3761;24.95;24.98;2641.30;0;15;46.09;45.81;0.83;0.83;42.43;8.05;5.22;37.88;94.57;92.56;174.82;167.40;2.73;2.73;158.14;26.11;19.89;138.11;355.57;334.36;1609045415
1691630735.000;1;6745592832;0;1;1;0;10;0.00;0.00;0;4.0923;2.5000;1.0000;-1.0000;0.1500;-0.1500;nan;nan;0.491462;0.491462;-0.000000;1.990002;1.990002;-0.000000;nan;nan;3.9308;4.0863;69.6664;86.9724;24.94;25.00;2830.11;0;15;46.09;45.81;0.83;0.83;42.96;8.09;5.22;37.88;95.09;92.60;174.82;167.40;2.73;2.73;160.28;26.25;19.89;138.11;357.71;334.50;1609489412
1691653748.000;1;6751493632;0;1;1;0;10;0.00;0.00;0;4.0923;2.5000;1.0000;-1.0000;0.1500;-0.1500;nan;nan;0.007833;0.007833;-0.000000;0.032055;0.032055;-0.000000;nan;nan;4.0781;4.0850;86.3814;86.6573;1.26;1.26;162.60;0;15;46.09;45.81;0.83;0.83;43.00;8.13;5.23;37.88;95.14;92.64;174.82;167.40;2.73;2.73;160.44;26.42;19.92;138.11;357.91;334.67;1611684187
1691660514.000;1;6753233920;0;0;1;0;10;0.00;0.00;0;4.2000;3.9279;1.0000;-1.0000;0.1500;-0.1500;nan;nan;-0.404008;0.000000;-0.404008;-1.595219;0.000000;-1.595219;nan;nan;4.0789;3.9409;86.7234;72.4176;1.55;1.38;2590.40;0;15;46.09;45.81;0.83;0.83;43.00;8.13;5.26;38.32;95.18;93.08;174.82;167.40;2.73;2.73;160.44;26.42;20.07;139.86;358.06;336.41;1612329530
1691665555.000;1;6754529792;0;0;1;0;10;0.00;0.00;0;4.2000;3.7271;1.0000;-1.0000;0.1500;-0.1500;nan;nan;-0.569722;0.000000;-0.569722;-2.147349;0.000000;-2.147349;nan;nan;3.9462;3.7355;71.4786;51.3049;1.45;4.01;3025.80;0;15;46.09;45.81;0.83;0.83;43.00;8.13;5.30;38.92;95.22;93.69;174.82;167.40;2.73;2.73;160.44;26.42;20.22;142.15;358.20;338.70;1612810091
1691671833.000;1;6756144128;0;0;1;0;10;0.00;0.00;0;4.2000;3.5676;1.0000;-1.0000;0.1500;-0.1500;nan;nan;-0.607365;0.000000;-0.607365;-2.180102;0.000000;-2.180102;nan;nan;3.7424;3.5677;50.6392;29.1326;1.49;1.35;4007.59;0;15;46.09;45.81;0.83;0.83;43.00;8.13;5.34;39.57;95.25;94.33;174.82;167.40;2.73;2.73;160.44;26.42;20.36;144.47;358.34;341.02;1613408927
1691676286.000;1;6757290496;0;0;1;0;10;0.00;0.00;0;4.2000;3.2491;1.0000;-1.0000;0.1500;-0.1500;nan;nan;-0.578380;0.000000;-0.578380;-1.954546;0.000000;-1.954546;nan;nan;3.5901;3.2492;30.2401;9.7598;1.65;1.74;2507.70;0;15;46.09;45.81;0.83;0.83;43.00;8.13;5.38;40.19;95.29;94.95;174.82;167.40;2.73;2.73;160.44;26.42;20.50;146.56;358.49;343.11;1613833683
1691677923.000;1;6757712896;0;1;1;0;10;0.00;0.00;0;3.3050;2.5000;1.0000;-1.0000;0.1500;-0.1500;nan;nan;0.001575;0.001575;-0.000000;0.005204;0.005204;-0.000000;nan;nan;3.2897;3.3049;8.5944;8.6499;1.64;1.62;37.50;0;15;46.09;45.81;0.83;0.83;43.01;8.14;5.40;40.21;95.33;94.99;174.82;167.40;2.73;2.73;160.48;26.46;20.59;146.64;358.62;343.23;1613989808
1693482711.000;1;7220335104;0;0;1;0;10;0.00;0.00;0;4.2000;2.6000;1.0000;-1.0000;0.1500;-0.1500;nan;nan;-0.226947;0.000000;-0.226947;-0.677733;0.000000;-0.677733;nan;nan;3.2807;2.6001;8.1922;0.1561;24.93;25.59;925.40;0;16;46.09;45.81;0.88;0.88;43.01;8.37;5.40;40.21;95.39;95.27;174.82;167.40;2.92;2.92;160.48;27.13;20.59;146.64;358.80;344.10;1786113384
1693483125.000;1;7220442112;0;0;1;0;10;0.00;0.00;0;4.2000;2.5000;1.0000;-1.0000;0.1500;-0.1500;nan;nan;-0.012471;0.000000;-0.012471;-0.031595;0.000000;-0.031595;nan;nan;2.7057;2.5185;0.6579;0.2163;25.20;25.22;115.40;0;16;46.09;45.81;0.88;0.88;43.01;8.38;5.40;40.21;95.39;95.28;174.82;167.40;2.92;2.92;160.48;27.17;20.59;146.64;358.80;344.13;1786153000
1693494362.000;1;7223322624;2;1;1;0;10;0.00;0.00;0;4.2000;2.5000;1.0000;-1.0000;0.1500;-0.1500;2.833904;88.926917;2.809954;2.809954;0.000000;10.678245;10.678245;0.000000;nan;nan;2.6077;4.1864;0.3447;99.4996;25.06;25.02;10635.80;0;16;48.90;45.81;0.88;0.88;43.01;8.38;5.40;40.21;98.20;95.28;185.49;167.40;2.92;2.92;160.48;27.17;20.59;146.64;369.48;344.13;1787224530
1693504837.000;1;7226009600;2;0;1;0;10;0.00;0.00;0;4.2000;2.5000;1.0000;-1.0000;0.1500;-0.1500;2.818419;87.894583;-2.791949;0.000000;-2.791949;-10.241277;0.000000;-10.241277;99.359214;95.907867;4.1864;2.6370;99.4996;0.4388;25.02;25.29;10176.11;0;16;48.90;48.60;0.88;0.88;43.01;8.38;5.40;40.21;98.20;98.08;185.49;177.65;2.92;2.92;160.48;27.17;20.59;146.64;369.48;354.37;1788223609
1693506038.000;1;7226318848;0;1;1;0;10;0.00;0.00;0;3.4109;2.5000;1.0000;-1.0000;0.1500;-0.1500;nan;nan;0.242379;0.242379;0.000000;0.794722;0.794722;0.000000;nan;nan;2.6370;3.3998;0.4388;8.9916;25.29;25.02;1202.60;0;16;48.90;48.60;0.88;0.88;43.25;8.38;5.40;40.21;98.44;98.08;185.49;177.65;2.92;2.92;161.27;27.17;20.59;146.64;370.28;354.37;1788338299
1693510297.000;1;7227414016;0;1;1;0;10;0.00;0.00;0;3.6091;2.5000;1.0000;-1.0000;0.1500;-0.1500;nan;nan;0.523846;0.523846;0.000000;1.856315;1.856315;0.000000;nan;nan;3.3896;3.6090;12.7626;31.2476;24.94;25.01;2436.90;0;16;48.90;48.60;0.88;0.88;43.81;8.42;5.40;40.21;99.00;98.11;185.49;177.65;2.92;2.92;163.26;27.29;20.59;146.64;372.26;354.50;1788744386
1693514884.000;1;7228595200;0;1;1;0;10;0.00;0.00;0;3.7453;2.5000;1.0000;-1.0000;0.1500;-0.1500;nan;nan;0.593736;0.593736;-0.000000;2.196038;2.196038;-0.000000;nan;nan;3.5975;3.7451;31.1710;52.1222;24.90;25.10;2757.60;0;16;48.90;48.60;0.88;0.88;44.45;8.46;5.40;40.21;99.63;98.15;185.49;177.65;2.92;2.92;165.59;27.43;20.59;146.64;374.60;354.63;1789181766
1693519719.000;1;7229839360;0;1;1;0;10;0.00;0.00;0;3.9393;2.5000;1.0000;-1.0000;0.1500;-0.1500;nan;nan;0.563078;0.563078;0.000000;2.185261;2.185261;0.000000;nan;nan;3.7315;3.9355;49.5201;69.3894;24.88;24.98;2639.10;0;16;48.90;48.60;0.88;0.88;45.05;8.50;5.40;40.21;100.24;98.20;185.49;177.65;2.92;2.92;167.94;27.58;20.59;146.64;376.94;354.79;1789642953
1693524455.000;1;7231058432;0;1;1;0;10;0.00;0.00;0;4.0923;2.5000;1.0000;-1.0000;0.1500;-0.1500;nan;nan;0.490933;0.490933;0.000000;1.987858;1.987858;0.000000;nan;nan;3.9307;4.0864;69.6624;86.9859;24.95;24.90;2828.50;0;16;48.90;48.60;0.88;0.88;45.58;8.54;5.40;40.21;100.77;98.24;185.49;177.65;2.92;2.92;170.08;27.73;20.59;146.64;379.09;354.94;1790094663
1693547159.000;1;7236878336;0;1;1;0;10;0.00;0.00;0;4.0923;2.5000;1.0000;-1.0000;0.1500;-0.1500;nan;nan;0.007443;0.007443;-0.000000;0.030460;0.030460;-0.000000;nan;nan;4.0781;4.0851;86.3955;86.6582;1.20;1.22;154.30;0;16;48.90;48.60;0.88;0.88;45.62;8.58;5.41;40.21;100.82;98.27;185.49;177.65;2.92;2.92;170.24;27.89;20.62;146.64;379.27;355.09;1792259862
1693554193.000;1;7238688256;0;0;1;0;10;0.00;0.00;0;4.2000;3.9279;1.0000;-1.0000;0.1500;-0.1500;nan;nan;-0.403461;0.000000;-0.403461;-1.592957;0.000000;-1.592957;nan;nan;4.0787;3.9406;86.6767;72.3615;1.51;1.54;2583.90;0;16;48.90;48.60;0.88;0.88;45.62;8.58;5.45;40.66;100.86;98.72;185.49;177.65;2.92;2.92;170.24;27.89;20.79;148.40;379.44;356.85;1792930739
1693559125.000;1;7239956480;0;0;1;0;10;0.00;0.00;0;4.2000;3.7271;1.0000;-1.0000;0.1500;-0.1500;nan;nan;-0.561597;0.000000;-0.561597;-2.117056;0.000000;-2.117056;nan;nan;3.9461;3.7366;71.4666;51.5406;1.52;1.40;2957.71;0;16;48.90;48.60;0.88;0.88;45.62;8.58;5.49;41.26;100.90;99.32;185.49;177.65;2.92;2.92;170.24;27.89;20.95;150.68;379.60;359.13;1793401117
1693565480.000;1;7241590272;0;0;1;0;10;0.00;0.00;0;4.2000;3.5676;1.0000;-1.0000;0.1500;-0.1500;nan;nan;-0.614677;0.000000;-0.614677;-2.207034;0.000000;-2.207034;nan;nan;3.7448;3.5677;50.8888;29.0795;1.55;1.49;4021.79;0;16;48.90;48.60;0.88;0.88;45.62;8.58;5.53;41.91;100.93;99.97;185.49;177.65;2.92;2.92;170.24;27.89;21.09;153.02;379.74;361.47;1794007103
1693569826.000;1;7242710016;0;0;1;0;10;0.00;0.00;0;4.2000;3.2491;1.0000;-1.0000;0.1500;-0.1500;nan;nan;-0.576264;0.000000;-0.576264;-1.947310;0.000000;-1.947310;nan;nan;3.5898;3.2492;30.2010;9.7547;1.74;1.85;2497.40;0;16;48.90;48.60;0.88;0.88;45.62;8.58;5.57;42.53;100.97;100.59;185.49;177.65;2.92;2.92;170.24;27.89;21.23;155.10;379.88;363.55;1794421667
1693571402.000;1;7243117056;0;1;1;0;10;0.00;0.00;0;3.3050;2.5000;1.0000;-1.0000;0.1500;-0.1500;nan;nan;0.001651;0.001651;-0.000000;0.005457;0.005457;-0.000000;nan;nan;3.2893;3.3049;8.5775;8.6358;1.69;1.66;38.40;0;16;48.90;48.60;0.88;0.88;45.63;8.59;5.59;42.55;101.01;100.62;185.49;177.65;2.92;2.92;170.28;27.92;21.32;155.18;380.00;363.67;1794571967
1695220985.000;1;7665966592;0;0;1;0;10;0.00;0.00;0;4.2000;2.6000;1.0000;-1.0000;0.1500;-0.1500;nan;nan;-0.226442;0.000000;-0.226442;-0.676939;0.000000;-0.676939;nan;nan;3.2867;2.6001;8.4196;0.3852;24.83;25.55;923.81;0;17;48.90;48.60;0.94;0.94;45.63;8.82;5.59;42.55;101.06;100.91;185.49;177.65;3.10;3.10;170.28;28.60;21.32;155.18;380.18;364.52;1951893703
1695221399.000;1;7666073600;0;0;1;0;10;0.00;0.00;0;4.2000;2.5000;1.0000;-1.0000;0.1500;-0.1500;nan;nan;-0.012341;0.000000;-0.012341;-0.031272;0.000000;-0.031272;nan;nan;2.7058;2.5188;0.6583;0.2204;25.15;25.17;113.90;0;17;48.90;48.60;0.94;0.94;45.63;8.83;5.59;42.55;101.06;100.92;185.49;177.65;3.10;3.10;170.28;28.63;21.32;155.18;380.18;364.56;1951933175
1695232611.000;1;7668947968;2;1;1;0;10;0.00;0.00;0;4.2000;2.5000;1.0000;-1.0000;0.1500;-0.1500;2.827932;88.528776;2.803914;2.803914;0.000000;10.657423;10.657423;0.000000;nan;nan;2.6081;4.1863;0.3459;99.4965;25.01;24.94;10614.20;0;17;51.71;48.60;0.94;0.94;45.63;8.83;5.59;42.55;103.87;100.92;196.15;177.65;3.10;3.10;170.28;28.63;21.32;155.18;390.84;364.56;1953002646
1695243064.000;1;7671628288;2;0;1;0;10;0.00;0.00;0;4.2000;2.5000;1.0000;-1.0000;0.1500;-0.1500;2.812120;87.474680;-2.785541;0.000000;-2.785541;-10.220200;0.000000;-10.220200;99.344754;95.897478;4.1863;2.6379;99.4965;0.4417;24.94;25.17;10152.50;0;17;51.71;51.38;0.94;0.94;45.63;8.83;5.59;42.55;103.87;103.70;196.15;187.87;3.10;3.10;170.28;28.63;21.32;155.18;390.84;374.78;1953999474
1695244252.000;1;7671934464;0;1;1;0;10;0.00;0.00;0;3.4109;2.5000;1.0000;-1.0000;0.1500;-0.1500;nan;nan;0.239628;0.239628;-0.000000;0.785631;0.785631;-0.000000;nan;nan;2.6379;3.3991;0.4417;8.9153;25.17;24.92;1188.10;0;17;51.71;51.38;0.94;0.94;45.87;8.83;5.59;42.55;104.11;103.70;196.15;187.87;3.10;3.10;171.06;28.63;21.32;155.18;391.62;374.78;1954112781
1695249945.000;1;7673398784;0;1;1;0;10;0.00;0.00;0;3.6091;2.5000;1.0000;-1.0000;0.1500;-0.1500;nan;nan;0.521627;0.521627;-0.000000;1.848551;1.848551;-0.000000;nan;nan;3.3875;3.6090;12.6457;31.0912;24.86;24.87;2422.89;0;17;51.71;51.38;0.94;0.94;46.43;8.87;5.59;42.55;104.67;103.74;196.15;187.87;3.10;3.10;173.04;28.76;21.32;155.18;393.61;374.90;1954655611
1695254621.000;1;7674601984;0;1;1;0;10;0.00;0.00;0;3.7453;2.5000;1.0000;-1.0000;0.1500;-0.1500;nan;nan;0.593238;0.593238;-0.000000;2.194266;2.194266;-0.000000;nan;nan;3.5975;3.7451;31.1733;52.1511;24.87;24.95;2759.00;0;17;51.71;51.38;0.94;0.94;47.06;8.91;5.59;42.55;105.30;103.78;196.15;187.87;3.10;3.10;175.38;28.90;21.32;155.18;395.94;375.04;1955101600
1695259150.000;1;7675767808;0;1;1;0;10;0.00;0.00;0;3.9393;2.5000;1.0000;-1.0000;0.1500;-0.1500;nan;nan;0.562804;0.562804;0.000000;2.184249;2.184249;0.000000;nan;nan;3.7318;3.9358;49.5407;69.4423;24.88;24.90;2644.99;0;17;51.71;51.38;0.94;0.94;47.67;8.95;5.59;42.55;105.90;103.82;196.15;187.87;3.10;3.10;177.71;29.04;21.32;155.18;398.27;375.18;1955533555
1695263939.000;1;7676999680;0;1;1;0;10;0.00;0.00;0;4.0923;2.5000;1.0000;-1.0000;0.1500;-0.1500;nan;nan;0.490921;0.490921;-0.000000;1.987798;1.987798;-0.000000;nan;nan;3.9306;4.0864;69.6425;87.0023;24.83;24.87;2830.80;0;17;51.71;51.38;0.94;0.94;48.19;8.99;5.59;42.55;106.43;103.86;196.15;187.87;3.10;3.10;179.85;29.19;21.32;155.18;400.41;375.33;1955990328
1695282823.000;1;7681841664;0;1;1;0;10;0.00;0.00;0;4.0923;2.5000;1.0000;-1.0000;0.1500;-0.1500;nan;nan;0.006743;0.006743;-0.000000;0.027594;0.027594;-0.000000;nan;nan;4.0783;4.0851;86.4569;86.6953;0.98;1.06;140.90;0;17;51.71;51.38;0.94;0.94;48.23;9.02;5.60;42.55;106.48;103.90;196.15;187.87;3.10;3.10;180.01;29.35;21.34;155.18;400.60;375.49;1957791362
1695289891.000;1;7683659776;0;0;1;0;10;0.00;0.00;0;4.2000;3.9279;1.0000;-1.0000;0.1500;-0.1500;nan;nan;-0.403082;0.000000;-0.403082;-1.591325;0.000000;-1.591325;nan;nan;4.0789;3.9408;86.7386;72.4048;1.31;1.28;2595.71;0;17;51.71;51.38;0.94;0.94;48.23;9.02;5.64;42.99;106.51;104.34;196.15;187.87;3.10;3.10;180.01;29.35;21.50;156.93;400.75;377.24;1958465328
1695294826.000;1;7684929024;0;0;1;0;10;0.00;0.00;0;4.2000;3.7271;1.0000;-1.0000;0.1500;-0.1500;nan;nan;-0.561415;0.000000;-0.561415;-2.116125;0.000000;-2.116125;nan;nan;3.9463;3.7366;71.4902;51.5261;1.33;1.28;2972.81;0;17;51.71;51.38;0.94;0.94;48.23;9.02;5.68;43.59;106.55;104.94;196.15;187.87;3.10;3.10;180.01;29.35;21.65;159.19;400.91;379.50;1958936088
1695301224.000;1;7686574080;0;0;1;0;10;0.00;0.00;0;4.2000;3.5676;1.0000;-1.0000;0.1500;-0.1500;nan;nan;-0.614866;0.000000;-0.614866;-2.207408;0.000000;-2.207408;nan;nan;3.7450;3.5677;50.9096;29.0447;1.31;1.40;4041.20;0;17;51.71;51.38;0.94;0.94;48.23;9.02;5.71;44.25;106.59;105.59;196.15;187.87;3.10;3.10;180.01;29.35;21.79;161.53;401.05;381.84;1959546259
1695305697.000;1;7687726592;0;0;1;0;10;0.00;0.00;0;4.2000;3.2491;1.0000;-1.0000;0.1500;-0.1500;nan;nan;-0.573767;0.000000;-0.573767;-1.938370;0.000000;-1.938370;nan;nan;3.5899;3.2492;30.2173;9.8139;1.37;1.69;2491.80;0;17;51.71;51.38;0.94;0.94;48.23;9.02;5.75;44.86;106.63;106.21;196.15;187.87;3.10;3.10;180.01;29.35;21.93;163.61;401.19;383.92;1959972808
1695307424.000;1;7688171520;0;1;1;0;10;0.00;0.00;0;3.3050;2.5000;1.0000;-1.0000;0.1500;-0.1500;nan;nan;0.001423;0.001423;-0.000000;0.004702;0.004702;-0.000000;nan;nan;3.2907;3.3049;8.6330;8.6833;1.62;1.58;35.11;0;17;51.71;51.38;0.94;0.94;48.25;9.04;5.78;44.88;106.67;106.24;196.15;187.87;3.10;3.10;180.05;29.39;22.02;163.69;401.32;384.04;1960137571
1697033506.000;1;8130397184;0;0;1;0;10;0.00;0.00;0;4.2000;2.6000;1.0000;-1.0000;0.1500;-0.1500;nan;nan;-0.223785;0.000000;-0.223785;-0.669243;0.000000;-0.669243;nan;nan;3.2868;2.6001;8.4238;0.4659;24.87;25.58;911.30;0;18;51.71;51.38;0.99;0.99;48.25;9.26;5.78;44.88;106.72;106.52;196.15;187.87;3.28;3.28;180.05;30.06;22.02;163.69;401.50;384.90;2124755106
1697033920.000;1;8130504192;0;0;1;0;10;0.00;0.00;0;4.2000;2.5000;1.0000;-1.0000;0.1500;-0.1500;nan;nan;-0.012305;0.000000;-0.012306;-0.031192;0.000000;-0.031192;nan;nan;2.7065;2.5190;0.6604;0.2228;25.20;25.23;113.20;0;18;51.71;51.38;0.99;0.99;48.25;9.27;5.78;44.88;106.72;106.54;196.15;187.87;3.28;3.28;180.05;30.09;22.02;163.69;401.50;384.93;2124794511
1697045110.000;1;8133371904;2;1;1;0;10;0.00;0.00;0;4.2000;2.5000;1.0000;-1.0000;0.1500;-0.1500;2.822612;88.174152;2.798584;2.798584;0.000000;10.638535;10.638535;0.000000;nan;nan;2.6082;4.1863;0.3464;99.4951;25.07;25.00;10590.61;0;18;54.50;51.38;0.99;0.99;48.25;9.27;5.78;44.88;109.52;106.54;206.79;187.87;3.28;3.28;180.05;30.09;22.02;163.69;412.14;384.93;2125861732
1697055541.000;1;8136046080;2;0;1;0;10;0.00;0.00;0;4.2000;2.5000;1.0000;-1.0000;0.1500;-0.1500;2.807160;87.143975;-2.780517;0.000000;-2.780517;-10.204825;0.000000;-10.204825;99.354422;95.923215;4.1863;2.6387;99.4951;0.4442;25.00;25.25;10131.60;0;18;54.50;54.17;0.99;0.99;48.25;9.27;5.78;44.88;109.52;109.32;206.79;198.07;3.28;3.28;180.05;30.09;22.02;163.69;412.14;395.13;2126856568
1697056719.000;1;8136348672;0;1;1;0;10;0.00;0.00;0;3.4109;2.5000;1.0000;-1.0000;0.1500;-0.1500;nan;nan;0.237557;0.237557;0.000000;0.778747;0.778747;0.000000;nan;nan;2.6387;3.3985;0.4442;8.8604;25.25;25.00;1178.00;0;18;54.50;54.17;0.99;0.99;48.48;9.27;5.78;44.88;109.76;109.32;206.79;198.07;3.28;3.28;180.83;30.09;22.02;163.69;412.92;395.13;2126968912
1697061432.000;1;8137558528;0;1;1;0;10;0.00;0.00;0;3.6091;2.5000;1.0000;-1.0000;0.1500;-0.1500;nan;nan;0.519910;0.519910;-0.000000;1.842454;1.842454;-0.000000;nan;nan;3.3889;3.6090;12.7272;31.1467;24.97;24.92;2411.29;0;18;54.50;54.17;0.99;0.99;49.04;9.31;5.78;44.88;110.32;109.35;206.79;198.07;3.28;3.28;182.80;30.21;22.02;163.69;414.89;395.26;2127418314
1697066108.000;1;8138761216;0;1;1;0;10;0.00;0.00;0;3.7453;2.5000;1.0000;-1.0000;0.1500;-0.1500;nan;nan;0.592306;0.592306;0.000000;2.190787;2.190787;0.000000;nan;nan;3.5975;3.7452;31.1672;52.1515;24.96;24.98;2755.40;0;18;54.50;54.17;0.99;0.99;49.67;9.35;5.78;44.88;110.95;109.39;206.79;198.07;3.28;3.28;185.13;30.34;22.02;163.69;417.22;395.39;2127864323
1697070611.000;1;8139918848;0;1;1;0;10;0.00;0.00;0;3.9393;2.5000;1.0000;-1.0000;0.1500;-0.1500;nan;nan;0.562180;0.562180;-0.000000;2.181849;2.181849;-0.000000;nan;nan;3.7320;3.9359;49.5686;69.4856;24.94;24.94;2645.90;0;18;54.50;54.17;0.99;0.99;50.27;9.39;5.78;44.88;111.55;109.43;206.79;198.07;3.28;3.28;187.45;30.48;22.02;163.69;419.54;395.53;2128293703
1697075314.000;1;8141127168;0;1;1;0;10;0.00;0.00;0;4.0923;2.5000;1.0000;-1.0000;0.1500;-0.1500;nan;nan;0.490255;0.490255;0.000000;1.985147;1.985147;0.000000;nan;nan;3.9308;4.0865;69.6709;87.0398;24.91;24.94;2827.10;0;18;54.50;54.17;0.99;0.99;50.80;9.42;5.78;44.88;112.08;109.47;206.79;198.07;3.28;3.28;189.59;30.63;22.02;163.69;421.68;395.68;2128742200
1697103124.000;1;8147496960;0;0;1;0;10;0.00;0.00;0;4.2000;3.9279;1.0000;-1.0000;0.1500;-0.1500;nan;nan;-0.403752;0.000000;-0.403752;-1.593968;0.000000;-1.593968;nan;nan;4.0790;3.9407;86.7603;72.3774;1.38;1.35;2604.00;0;18;54.50;54.17;0.99;0.99;50.83;9.45;5.83;45.34;112.16;109.95;206.79;198.07;3.28;3.28;189.69;30.74;22.25;165.48;422.02;397.57;2131394540
